3128 5448
690 595 743 678 ss

245 789 309 843 tam
327 791 393 850 csse
415 771 580 844 contendit
599 775 759 884 hibertus.
784 778 816 864 1)
848 775 945 846 Vetat
964 787 1125 870 praeterea
1142 793 1205 844 co·-

243 907 518 1004 moediaesemper
535 891 751 1002 praesentibus
763 913 856 979 rebus
869 913 1029 982 illudentis
1040 915 1139 996 ratio,
1157 935 1199 981 nc

245 1045 392 1114 comicus
414 1048 490 1130 viri,
515 1051 756 1138 quatuordecim
768 1073 862 1118 annos
874 1065 945 1142 post
957 1053 1079 1142 fugam,
1096 1069 1198 1140 quum

239 1186 308 1274 jam
329 1183 454 1252 silentio
473 1163 692 1276 premeretur,
719 1210 833 1254 nomen
854 1211 891 1253 er
915 1187 1072 1253 oblivione
1092 1187 1199 1253 excie-

243 1333 316 1391 rat:
341 1345 415 1390 nam
437 1325 542 1390 Ranae
565 1321 616 1390 01.
642 1327 685 1389 93
703 1345 787 1390 anno
813 1325 885 1390 3in
909 1345 1032 1390 scenam
1060 1321 1199 1413 produc·

245 1470 295 1523 tae
319 1471 402 1526 sunt.
429 1459 462 1547 2)
512 1457 745 1526 Commentario
766 1455 895 1541 tamen,
919 1460 1063 1548 quamvis
1084 1458 1123 1526 ad
1144 1480 1198 1524 re·

243 1617 319 1660 ram·
330 1593 498 1661 lectionem
522 1595 604 1661 male
624 1563 885 1677 accommodato,
918 1597 1198 1698 ceteroquin-tera
1252 1599 1255 1604 ’

175 1763 177 1768 ·
241 1731 407 1812 narranti,
434 1731 529 1798 iidem
551 1731 649 1822 igitur
669 1724 823 1823 denegare
844 1755 907 1799 non
930 1754 1010 1823 opus
1032 1746 1090 1799 est.
1140 1731 1198 1800 ui-

242 1866 428 1958 thyrambos
445 1868 554 1935 fecisse
577 1868 743 1958 Diagoram
765 1870 863 1936 refert
886 1870 982 1936 etiam
1006 1869 1092 1938 Sext.
1119 1867 1196 1936 nm-

243 2005 363 2097 piricus
396 2006 419 2074 l.
441 2004 464 2074 l.
525 2003 766 2093 Dithyrambica
800 2019 907 2072 antam
931 2020 963 2074 et
984 2005 1195 2094 Dionysiaca,

242 2143 360 2230 quibus
378 2142 595 2209 celebrabatur
615 2142 781 2225 Bacchus,
807 2143 945 2210 carmina
966 2157 1054 2209 erant
1070 2142 1198 2208 audacis

242 2277 443 2367 argumenti,
479 2288 510 2341 et
529 2276 610 2366 legc'
631 2277 743 2346 solnta.
800 2279 1051 2366 dehonorationis
1075 2284 1195 2363 θράσος

239 2413 284 2480 ait
320 2409 514 2480 hastathius.
575 2412 662 2479 Talia
683 2414 740 2501 qui
763 2415 940 2511 tractabant
963 2437 1027 2480 non
1048 2415 1082 2480 in
1104 2415 1196 2482 terris

161 2622 165 2634 ,
241 2526 525 2629 morabantnr‚sed
538 2547 725 2642 sublimibus
737 2540 919 2618 fatebantur
931 2551 1193 2642 cogitationibns;

242 2685 324 2754 hanc
352 2687 394 2752 ob
425 2707 492 2750 rem
524 2683 637 2752 Suidas
669 2687 798 2756 scribits
834 2690 906 2775 περὶ
933 2691 1101 2775 μετεώρων
1138 2691 1195 2753 καὶ

240 2825 308 2892 τῶν
338 2819 483 2905 νεφελῶν
513 2819 642 2901 λέγουσι
672 2788 796 2887 natta-¹
824 2839 856 2892 et
880 2825 1105 2918 Aristophanes
1125 2825 1195 2894 'ali-

241 2961 316 3028 cubi
340 2960 440 3040 dicit,
464 2957 563 3026 nubes
582 2929 831 3047 dithyrambioos
853 2972 962 3052 poetas
982 2963 1087 3046 alere;
1109 2961 1194 3030 unde

277 3259 303 3330 1)
335 3261 383 3331 Ap.
406 3257 516 3329 Hesych.
539 3259 623 3316 Lexic.
647 3262 739 3316 Annot.
762 3259 790 3312 in
805 3259 866 3313 'roc
884 3257 983 3334 Διαγε
1003 3259 1091 3317 Critici
1112 3265 1194 3327 enim,

333 3383 429 3454 inquit,
454 3379 550 3451 antiqui
572 3380 599 3433 in
623 3379 667 3433 itto
684 3379 861 3452 Aristophanis
878 3381 934 3436 loco
959 3376 1111 3455 δοόἷγορᾶς
1127 3382 1196 3454 leye-

330 3493 406 3550 banta
440 3493 560 3548 Iacchum
594 3494 660 3547 enim
693 3503 788 3564 mystae
813 3495 841 3544 ὶα
861 3496 927 3562 soro
952 3495 1080 3550 canebant.
1119 3491 1197 3580 hatte

331 3627 415 3670 autem
439 3615 596 3696 Hesychius:
625 3610 677 3668 διὰ
708 3609 741 3666 τὸ
771 3610 844 3674 τούς
873 3611 989 3685 μύστας
1017 3610 1192 3696 berguitano,

332 3733 409 3810 (qnod
425 3735 561 3807 Aeschylus
587 3729 751 3805 ἰακχάζειν)
783 3736 865 3789 τουτ’
896 3731 996 3798 ἔστιν,
1029 3709 1127 3809 ᾄδειν,
1142 3735 1194 3795 τᾶν

333 3858 457 3924 Ἴακχον
486 3852 528 3909 δι’
557 3852 671 3930 ἀγορῶν
718 3856 758 3914 Cf.
787 3856 920 3913 Demosth.
945 3875 968 3914 c.
993 3857 1117 3916 Midian:
1144 3858 1194 3913 sui

332 3973 424 4028 πάλιν
455 3978 622 4051 Ἵππαρχον
653 3971 810 4050 ὀρχεῖσθαι
840 3973 891 4031 διὰ
918 3973 969 4047 τῆς
999 3972 1107 4054 ἀγορᾶς
1128 3956 1193 4038 ταῖς

259 4151 261 4158 ,
333 4101 476 4166 naumis.
531 4089 534 4110 '
556 4167 559 4175 Ι
749 4065 766 4150 γ.

271 4211 299 4280 2)
331 4210 389 4265 Via.
408 4210 475 4265 Sam.
494 4207 571 4265 Petit.
589 4207 694 4267 Miscell.
713 4211 741 4265 L.
761 4211 796 4267 lh
817 4231 838 4264 c.
859 4215 899 4266 lt.
