3128 5448
692 548 769 627 n.

297 703 476 832 Diogenis
499 751 595 824 tero,
621 744 674 816 oui
699 743 893 833 Lynceum
915 742 1062 838 epistolas
1086 742 1126 810 de
1149 765 1200 808 re·

249 875 308 942 bus
331 875 477 961 cibariis,
502 878 640 971 piscibus
650 930 659 962 ,
681 880 761 947 vinis
776 879 908 969 aliisque
919 880 1071 972 plurimas
1083 879 1202 966 misisse

246 1011 345 1080 refert
375 1012 575 1097 Athenaeus,
604 1016 636 1103 1)
661 987 750 1083 nullo
775 1018 958 1107 cognomine
986 1017 1114 1107 insignis
1133 1028 1200 1096 est,

247 1158 300 1228 et,
332 1161 369 1215 nt
401 1149 515 1218 Melius
549 1153 613 1233 sit,
637 1165 723 1220 vetat
741 1154 823 1221 ratio
844 1153 1009 1244 temporis.
1050 1153 1202 1241 Lynceus

248 1283 333 1349 enim
353 1283 499 1370 Samius,
526 1288 654 1358 Doridis
678 1290 798 1372 irater,
824 1289 986 1358 familiaris
1009 1302 1076 1356 erat
1097 1289 1201 1358 Theo·

247 1417 368 1512 phrasti
398 1421 627 1517 Peripatetici,
664 1438 744 1493 teste
773 1425 935 1495 Athenaeo
960 1440 993 1495 et
1020 1426 1129 1496 Suida.
1164 1426 1200 1513 2)

246 1556 320 1625 Post
352 1557 439 1628 hunc
470 1562 590 1652 igitur,
622 1562 663 1632 de
692 1539 757 1653 quo
787 1583 872 1632 nnnc
899 1562 1037 1653 agimus,
1070 1573 1199 1636 centum

245 1694 428 1791 fercannus
451 1698 540 1768 sirit.

665 1953 773 1980 »⁴-

422 2117 444 2231 ᾗ
468 2145 502 2213 2.
547 2142 601 2212 De
622 2143 804 2235 Diaqcrae
828 2141 1008 2235 Operibus.

287 2369 315 2437 n
347 2370 496 2441 tenuibus
527 2380 742 2468 mffnmentis,
773 2399 855 2466 qnae
887 2377 1000 2446 Suidas
1036 2387 1069 2443 et
1091 2374 1195 2463 Hesy-

241 2503 333 2573 chios·
357 2507 390 2574 in
426 2508 533 2594 libro,
570 2512 610 2579 de
641 2513 716 2581 uiris
741 2513 919 2583 eruditione
943 2527 975 2580 et
996 2512 1193 2582 humanitate

120 2707 124 2715 ,
239 2641 354 2726 claris,
379 2643 530 2715 exhibent
549 2650 589 2717 de
614 2651 772 2742 Diagora,
797 2651 892 2746 hujus
916 2675 1048 2744 operum
1066 2652 1193 2740 jactura

237 2781 405 2850 instaurari
429 2809 492 2852 non
513 2789 629 2878 potestss
676 2789 811 2858 Juniore
833 2803 937 2858 tamen
957 2800 1079 2868 aetate,
1105 2784 1194 2874 quod

145 2963 149 2968 -
236 2938 330 3009 supra
349 2919 417 3008 jam
439 2920 595 3006 diximus,
620 2927 710 3016 poesi
734 2929 903 2998 incubuit:
928 2929 948 2994 o‘
975 2923 1075 3009 bisen
1099 2920 1192 3008 λυρι-

238 3059 279 3138 eff
303 3053 460 3138 ἐπέθετο,
483 3058 517 3146 3)
542 3059 694 3144 decursor
714 3067 851 3147 ποιητὴς
871 3075 954 3144 erat,
975 3073 1008 3130 et
1020 3057 1140 3146 μελῶν.
1156 3059 1192 3148 4)

233 3187 285 3255 Ad
316 3190 480 3261 colendam
511 3198 622 3286 poe'sin
643 3197 810 3289 Diagoram
826 3197 945 3266 hortari
967 3197 1099 3287 quidem
1131 3219 1193 3288 po·
1255 3273 1263 3282 .

235 3299 298 3392 tuit
319 3324 409 3394 Crito
428 3330 506 3397 ciuis
527 3344 560 3399 et
575 3332 732 3421 aequalis,
752 3337 810 3422 qui
825 3355 908 3401 cum
927 3348 1017 3426 patre
1040 3353 1096 3400 suo
1119 3329 1189 3400 bie-

233 3458 421 3555 lanippide,
440 3478 474 3534 et
492 3465 583 3549 filio,
606 3491 722 3536 nomen
739 3471 789 3538 asi
807 3484 952 3562 gerente,
964 3471 999 3537 in
1023 3465 1133 3560 lyricis
1157 3479 1191 3534 et

233 3637 419 3654 unu-0¹..—

269 3711 296 3783 1)
327 3711 377 3770 nn.
402 3733 428 3786 p.
452 3716 512 3772 109.
534 3713 569 3771 n.
596 3715 657 3773 vn.
673 3727 705 3792 1³·
721 3719 782 3774 neo.
800 3717 830 3775 n.
848 3722 909 3776 295.
926 3685 957 3778 i.
975 3719 1145 3778 sao.n.r1.
1162 3737 1189 3792 p.

327 3831 388 3884 ooo.
405 3828 434 3885 c.
451 3830 519 3886 xrv.
536 3849 562 3902 p.
579 3833 640 3888 ess.
657 3832 689 3888 s.
705 3835 766 3890 ess.
783 3832 818 3889 n.
834 3839 895 3892 esu
910 3836 941 3890 s.

136 3953 139 3964 ·
267 3939 297 4011 2)
329 3939 388 3996 vid.
403 3942 514 3998 Jonsius.
530 3943 561 4000 L.
578 3945 613 4002 11.
630 3965 653 4002 c.
671 3947 697 4002 2.
714 3966 739 4019 p.
757 3949 817 4002 123.

266 4053 296 4123 3)
328 4053 438 4130 Hesycb.
455 4055 496 4112 ef.
511 4057 606 4114 Meum.
624 4057 692 4114 nihl.
710 4059 758 4114 Gr.
777 4059 808 4116 Τ.
825 4059 885 4119 vn.
899 4071 924 4133 ι).
942 4063 1003 4118 230.

267 4169 295 4241 i)
328 4167 398 4225 sord.
416 4181 442 4226 ct
457 4169 541 4229 Sobel.
559 4175 603 4228 At.
621 4169 666 4230 Ar.
684 4194 707 4228 u.
725 4169 785 4230 323.
