3078 5504
697 551 956 644 ὀο.

349 753 481 843 scripti,
507 772 601 840 quam
626 751 721 839 parri
741 750 941 830 sinceritate,
967 762 1118 846 quatenus
1141 773 1178 816 er
1200 749 1301 818 alieuo

349 889 437 954 fonte
459 885 586 953 deducti
607 888 680 952 sina
728 886 795 954 Neo
815 887 931 952 mirum
946 935 955 966 ‚
969 885 1054 976 quod
1066 887 1186 977 saepius
1198 883 1301 954 Selm-

348 1023 456 1089 liastaa
476 1022 577 1089 eoacti
604 1021 745 1101 fuerint,
769 1021 884 1088 seelera
904 1023 1055 1113 suspicari
1078 1033 1110 1088 et
1129 1043 1223 1112 nugas
1247 1043 1301 1089 ex·

349 1159 505 1248 cogitare,
530 1157 569 1223 ad
591 1157 753 1224 mordaces
768 1159 858 1246 jocos
881 1171 913 1224 et
929 1157 1300 1230 calumniaseomioorum

349 1292 559 1385 explieandos.

358 1433 363 1449 '
394 1430 452 1496 llis
472 1426 608 1518 denique
630 1426 707 1494 diris
731 1441 763 1494 et
785 1429 934 1496 conrioiis
963 1428 1113 1497 Suidas
1135 1428 1300 1518 Diagoram

270 1643 271 1650 ἵ
349 1565 488 1654 aliosque
504 1561 609 1629 ¹valere
631 1563 729 1632 diait:
755 1556 1000 1647 ὦΞεοοφάοεις
1011 1613 1021 1644 ,
1047 1569 1301 1650 notitiamque,

351 1702 407 1764 aral
427 1697 617 1778 Ἵππωνες,
650 1702 704 1763 καὶ
728 1697 941 1786 Ἐπίκουροι,
978 1703 1033 1765 καὶ
1065 1707 1130 1777 πᾶς
1151 1704 1171 1769 ὁ
1190 1699 1302 1780 λοιπὸς

351 1833 445 1921 ὄχλος
469 1837 535 1901 τῶν
560 1833 805 1918 κακοδαιμόνων
822 1839 863 1934 ri
884 1838 941 1902 arui
960 1843 1050 1913 θεοῖς
1068 1839 1218 1924 ἐχθρῶν,
1247 1839 1301 1924 ἴρή

350 1971 455 2056 aroer.

397 2107 444 2172 De
466 2107 577 2172 causi
609 2105 905 2197 mysteriorum,
939 2131 1019 2198 quae
1037 2109 1206 2198 vulgarisse
1223 2109 1301 2177 Dia-

351 2265 443 2335 gorae
468 2235 595 2310 orimiui
613 2239 727 2324 daaur,
752 2246 833 2314 siout
855 2243 1052 2312 scholiastes
1071 2245 1301 2337 Aristophanis,

352 2381 375 2450 J
377 2377 509 2470 oseplrus
524 2429 533 2460 ,
566 2377 737 2459 Tatiauus,
762 2378 994 2471 Athenagoras,
1014 2372 1179 2470 Opillus,
1204 2383 1300 2450 Lilra-

352 2519 423 2583 uius
445 2529 477 2582 et
498 2513 635 2595 Suida's,
655 2515 689 2580 in
701 2515 776 2582 loeis
787 2515 935 2606 posthaec
948 2517 1129 2600 laudandis,
1152 2532 1301 2602 narrem,

351 2654 385 2718 in
418 2651 621 2740 sequentihus
644 2675 734 2741 agere
757 2652 850 2720 malo.
878 2653 910 2738 1)
958 2653 1052 2721 Nune
1076 2655 1159 2722 euim
1183 2679 1301 2748 propo·

352 2788 405 2854 siti
437 2787 518 2852 ratio
549 2785 745 2880 postulabat,
782 2799 819 2850 ut
842 2785 988 2854 atheismi
1010 2790 1162 2857 delatores
1183 2813 1300 2858 oonro·
1356 2874 1359 2880 ,
1454 2833 1460 2846 ·

354 2933 510 2991 oareutur.
567 2919 722 2990 Plurimos
752 2922 857 2988 etiam·
875 2921 1037 2990 nominare
1069 2947 1210 3014 possem,
1244 2927 1301 3017 qui

284 3113 286 3119 .
356 3062 521 3150 Diagoram
541 3048 718 3124 'manifestis
740 3053 853 3125 'vorbis
885 3059 1054 3126 absolvunt
1074 3059 1244 3143 atheismi,
1268 3074 1301 3132 et

354 3217 543 3288 magnopere
565 3183 725 3277 studium,
744 3208 820 3286 iquo'
839 3197 1004 3264 veritatem
1026 3193 1183 3288 religionis
1205 3223 1302 3291 appe-

354 3334 465 3413 tebat,
491 3331 661 3398 celebrant.
676 3331 711 3418 2)
738 3327 1083 3422 dliilitem‘subjudioe
1095 3335 1299 3426 relinquuat;

353 3459 407 3538 alii
428 3470 467 3536 de
487 3471 542 3536 illo
568 3471 695 3538 omuino
719 3464 781 3535 nori
804 3468 989 3560 loquuntur.
1037 3473 1103 3544 llos
1125 3473 1228 3552 iuter,
1252 3485 1300 3538 at·

356 3607 476 3674 tendite
499 3629 637 3697 quaeso,
662 3607 718 3695 qui
742 3577 907 3696 Diagoram
932 3605 1056 3673 silentio
1081 3620 1298 3696 praetereunt,

354 3744 519 3834 praecipui
557 3756 628 3808 suut
645 3837 647 3842 Α
667 3739 811 3830 aequales
845 3755 877 3807 et
917 3745 983 3831 ejus
1024 3743 1118 3810 aetati
1152 3743 1298 3832 proximi.

356 3879 439 3948 Nam
475 3876 585 3956 Plato,
623 3879 678 3967 qui
694 3890 753 3944 -tot
788 3877 827 3944 de
851 3879 1043 3970 Protagora,
1069 3879 1244 3970 Xenophon
1270 3894 1302 3946 et

357 4013 560 4094 Aristoteles,
585 4014 700 4104 quibus
722 4013 830 4082 saltem
854 4013 960 4104 aliqua
984 4017 1152 4084 tribuenda
1169 4031 1301 4084 estaue·

356 4147 541 4162 ffl-—n-

391 4201 417 4267 1)
450 4195 491 4252 cf.
508 4197 539 4254 C.
558 4195 625 4253 Vll.
645 4198 670 4268 ξ,
687 4199 713 4252 2.
780 4198 808 4267 2)
826 4195 906 4255 Clam.
923 4185 993 4253 Alex}
1011 4198 1029 4253 l.
1046 4217 1074 4268 p.
1093 4202 1127 4253 59
1145 4199 1300 4254 crouland.
1320 4236 1324 4257 a
