3078 5504
233 753 317 818 colas
349 753 449 816 textus
480 750 644 829 nominat,
681 748 754 814 urbs
779 760 824 814 est
852 747 1027 814 Laconiae:
1055 759 1086 812 et
1108 746 1179 811 nbi·

234 909 303 952 nam
327 888 467 976 gentium
491 885 638 973 Diagoras
661 897 802 974 tempore
826 884 901 950 belli
926 882 1180 973 Peloponnesiaci

234 1023 332 1087 tutius
364 1021 485 1107 asylum
516 1035 624 1111 optare
647 1023 799 1111 poterat?
850 1019 899 1084 th
924 1018 984 1084 illis
1006 1017 1179 1084 Athenien-

234 1181 300 1237 ses,
325 1159 371 1222 'ex
400 1157 587 1222 auctoritate
618 1155 746 1245 quidem
778 1155 936 1235 foederis,
960 1153 1045 1244 quod
1071 1153 1122 1220 01.
1135 1123 1180 1219 aa
1214 1145 1216 1149 ’

235 1315 315 1359 anno
351 1298 370 1358 3
405 1315 477 1359 oum
500 1291 754 1360 Lacedaemoniis
776 1291 815 1356 ad
835 1313 932 1370 annos
954 1291 1180 1381 quinquaginta

230 1429 392 1509 fecerant,
431 1426 464 1516 1)
523 1427 674 1518 Diagorae
714 1406 922 1509 redditionem
957 1413 1180 1517 poposcerunt.

235 1565 372 1632 Pellanei
399 1586 472 1631 raro
496 1562 651 1654 hospitem
672 1576 704 1630 et
727 1563 901 1655 supplicem
925 1586 963 1630 eo
988 1563 1085 1652 magis
1105 1584 1180 1652 pro·

235 1699 309 1766 dere
342 1713 552 1790 negaverunt,
589 1700 675 1789 quod
707 1700 816 1767 foedus
843 1698 979 1767 rloissini
1007 1702 1074 1788 jam
1110 1698 1181 1788 plus

233 1836 328 1902 semel
356 1847 434 1902 esset
466 1837 646 1904 infraotum.
693 1837 783 1904 Hane
806 1836 846 1903 ob
869 1836 1025 1926 repulsam
1047 1835 1180 1902 ‚tibeni-

233 1993 319 2037 anses
342 1993 391 2036 ne
422 1971 582 2038 Pellaneos
602 1972 730 2061 quidem
756 1995 773 2038 e
796 1973 1024 2062 proscriptione
1045 1972 1179 2037 eximere

229 2107 444 2175 decreverunt.
476 2106 552 2175 ‘Sed
580 2121 709 2176 cunctos
733 2109 814 2174 eiras
839 2130 902 2173 uno
914 2107 1042 2197 capitali
1054 2107 1178 2195 judicio

234 2243 389 2310 involutos
418 2266 504 2322 esse,
535 2242 652 2308 nedum
682 2244 715 2308 in
748 2242 907 2323 induciis,
946 2239 1072 2308 eredere
1093 2242 1179 2308 nefas

229 2391 286 2446 est.
334 2379 492 2452 Fortasse,
511 2377 605 2444 modo
634 2400 730 2466 genus
762 2391 829 2444 erat
859 2376 1098 2468 androlepsaos,
1128 2377 1179 2443 rol

223 2517 283 2604 jus·
301 2513 444 2581 homines
472 2489 611 2604 pignoris
634 2512 705 2579 loco
727 2512 893 2603 capiendi:
927 2513 1117 2585 urbisenim
1137 2514 1177 2579 il-

226 2651 309 2731 lius,
340 2650 444 2716 rirnrn
463 2672 553 2716 reum
575 2673 670 2740 quern
692 2650 884 2739 rogabatur,
907 2647 1038 2716 reddere
1060 2671 1177 2740 nagan·
1241 2733 1243 2738 Ι

227 2787 292 2866 tis,
317 2809 375 2876 par
399 2785 480 2875 leges
504 2786 621 2852 licebat
642 2759 707 2852 tras
728 2786 810 2851 eires
831 2798 937 2875 raptos
952 2785 1091 2853 Athenas
1116 2787 1176 2852 du-

227 2945 321 3002 cere,
353 2944 468 3012 poenas
492 2921 639 2990 daturos:
665 2922 700 3006 2)
725 2923 804 3008 πρὸς
824 2921 860 2986 δὲ
885 2925 1045 2996 τούτοιςό
1067 2926 1175 3005 νόμος·

229 3061 288 3124 ἐὰν
305 3039 393 3139 1μήτει
413 3056 506 3132 δίκας
528 3059 691 3144 ὑπόσχωσι
715 3060 795 3141 παρ’
823 3051 870 3130 οἷς
887 3061 931 3124 ἄν
953 3061 1106 3133 τὸπάθος
1118 3059 1175 3140 γε’.

225 3216 343 3276 ratur,
387 3196 465 3273 μήτε
507 3193 580 3265 τούς
613 3191 809 3276 δεδρακότας
846 3192 994 3258 ἐκδιδῶσι
1008 3243 1018 3273 ,
1055 3193 1174 3263 κελεύει

226 3329 311 3393 κατὰ
335 3331 456 3394 τούτων
479 3318 564 3392 εἶναι
588 3325 679 3412 μέχρι
705 3329 804 3411 τριῶν
826 3331 863 3392 τὸ
883 3328 1117 3415 ἀνδρολήψιον.
1137 3334 1172 3420 3)

269 3461 464 3530 Omnibus
484 3475 587 3528 tamen
616 3460 665 3526 his
694 3462 853 3544 consiliis,
876 3488 1018 3532 snooassu
1038 3469 1173 3536 carenti-
1244 3513 1248 3520 ·

222 3596 303 3678 bus,
330 3597 495 3688 Diagoram
516 3597 634 3664 salvum
656 3598 784 3665 erasisse
806 3599 911 3670 credo:
934 3600 1173 3694 siquidempro-

222 3734 373 3824 seriptum
396 3733 590 3824 deprehendi
613 3747 644 3800 et
668 3736 774 3800 necari
792 3737 954 3804 notissima
975 3737 1084 3808 luisset
1100 3763 1169 3822 res,

258 3961 285 4023 1)
321 3956 385 4016 Vid.
402 3956 477 4013 Simo.
493 3956 588 4014 Chron.
604 3960 675 4014 Anno
693 3959 773 4014 3583.

254 4079 284 4145 2)
319 4076 390 4131 said.
408 4076 435 4130 in
452 4095 506 4133 roc.
524 4073 716 4149 ἀνδροληψία.

246 4192 264 4243 3
326 4189 459 4247 Demostb.
475 4153 499 4245 a]
513 4191 660 4249 Aristocrat.
677 4213 704 4264 p.
723 4195 782 4249 648.
800 4194 848 4250 Ed.
865 4195 952 4253 Raielr.
