<?xml version="1.0" encoding="UTF-8"?>
<!DOCTYPE html PUBLIC "-//W3C//DTD XHTML 1.0 Transitional//EN"
    "http://www.w3.org/TR/xhtml1/DTD/xhtml1-transitional.dtd">
<html xmlns="http://www.w3.org/1999/xhtml" xml:lang="en" lang="en">
 <head>
  <title>
</title>
<meta http-equiv="Content-Type" content="text/html;charset=utf-8" />
  <meta name='ocr-system' content='tesseract 3.04.00' />
  <meta name='ocr-capabilities' content='ocr_page ocr_carea ocr_par ocr_line ocrx_word'/>
</head>
<body>
  <div class='ocr_page' id='page_1' title='image "./disputatiophilo00moungoog_0145.png"; bbox 0 0 3078 5504; ppageno 0'>
   <div class='ocr_carea' id='block_1_1' title="bbox 346 675 1408 2549">
    <p class='ocr_par' dir='ltr' id='par_1_1' title="bbox 346 675 1408 2549">
     <span class='ocr_line' id='line_1_1' title="bbox 383 675 1331 766; baseline 0.001 -25"><span class='ocrx_word' id='word_1_1' title='bbox 383 677 464 766; x_wconf 91' lang='lat' dir='ltr'><strong>leges</strong></span> <span class='ocrx_word' id='word_1_2' title='bbox 480 695 488 760; x_wconf 79' lang='lat'>3</span> <span class='ocrx_word' id='word_1_3' title='bbox 527 701 632 744; x_wconf 83' lang='lat' dir='ltr'><strong>rerum</strong></span> <span class='ocrx_word' id='word_1_4' title='bbox 665 679 759 744; x_wconf 86' lang='lat' dir='ltr'><strong>ctiam</strong></span> <span class='ocrx_word' id='word_1_5' title='bbox 777 679 935 744; x_wconf 87' lang='lat' dir='ltr'><strong>neminem</strong></span> <span class='ocrx_word' id='word_1_6' title='bbox 957 675 1173 742; x_wconf 79' lang='lat' dir='ltr'><strong>dubitaturum</strong></span> <span class='ocrx_word' id='word_1_7' title='bbox 1189 699 1253 743; x_wconf 82' lang='lat' dir='ltr'><strong>esse</strong></span> <span class='ocrx_word' id='word_1_8' title='bbox 1269 689 1331 742; x_wconf 81' lang='lat' dir='ltr'><strong>stn-</strong></span> 
     </span>
     <span class='ocr_line' id='line_1_2' title="bbox 382 782 1330 904; baseline 0.003 -27"><span class='ocrx_word' id='word_1_9' title='bbox 382 782 467 892; x_wconf 88' lang='lat' dir='ltr'><strong>tuit,</strong></span> <span class='ocrx_word' id='word_1_10' title='bbox 503 814 579 903; x_wconf 91' lang='lat' dir='ltr'><strong>quin</strong></span> <span class='ocrx_word' id='word_1_11' title='bbox 612 815 701 880; x_wconf 89' lang='lat' dir='ltr'><strong>bonis</strong></span> <span class='ocrx_word' id='word_1_12' title='bbox 722 816 881 904; x_wconf 87' lang='lat' dir='ltr'><strong>justisque</strong></span> <span class='ocrx_word' id='word_1_13' title='bbox 904 813 1046 903; x_wconf 88' lang='lat' dir='ltr'><strong>legibus,</strong></span> <span class='ocrx_word' id='word_1_14' title='bbox 1069 813 1110 878; x_wconf 86' lang='lat' dir='ltr'><strong>ab</strong></span> <span class='ocrx_word' id='word_1_15' title='bbox 1130 810 1221 878; x_wconf 87' lang='lat' dir='ltr'><strong>atheo</strong></span> <span class='ocrx_word' id='word_1_16' title='bbox 1241 835 1330 880; x_wconf 90' lang='lat' dir='ltr'><strong>com·</strong></span> 
     </span>
     <span class='ocr_line' id='line_1_3' title="bbox 381 931 1326 1042; baseline 0 -29"><span class='ocrx_word' id='word_1_17' title='bbox 381 949 514 1038; x_wconf 86' lang='lat' dir='ltr'><strong>positis,</strong></span> <span class='ocrx_word' id='word_1_18' title='bbox 546 951 594 1016; x_wconf 89' lang='lat' dir='ltr'><strong>uti</strong></span> <span class='ocrx_word' id='word_1_19' title='bbox 628 951 724 1042; x_wconf 88' lang='lat' dir='ltr'><strong>magis</strong></span> <span class='ocrx_word' id='word_1_20' title='bbox 756 950 930 1041; x_wconf 85' lang='lat' dir='ltr'><strong>profuerit,</strong></span> <span class='ocrx_word' id='word_1_21' title='bbox 965 973 1059 1040; x_wconf 86' lang='lat' dir='ltr'><strong>quam</strong></span> <span class='ocrx_word' id='word_1_22' title='bbox 1079 950 1204 1016; x_wconf 88' lang='lat' dir='ltr'><strong>omuino</strong></span> <span class='ocrx_word' id='word_1_23' title='bbox 1221 931 1326 1014; x_wconf 72' lang='lat' dir='ltr'><strong>nullis.</strong></span> 
     </span>
     <span class='ocr_line' id='line_1_4' title="bbox 379 1083 1326 1175; baseline 0 -27"><span class='ocrx_word' id='word_1_24' title='bbox 379 1084 542 1152; x_wconf 85' lang='lat' dir='ltr'><strong>Praeterea</strong></span> <span class='ocrx_word' id='word_1_25' title='bbox 561 1087 674 1154; x_wconf 81' lang='lat' dir='ltr'><strong>Franc.</strong></span> <span class='ocrx_word' id='word_1_26' title='bbox 698 1086 888 1154; x_wconf 83' lang='lat' dir='ltr'><strong>Balduinum</strong></span> <span class='ocrx_word' id='word_1_27' title='bbox 898 1084 1098 1154; x_wconf 85' lang='lat' dir='ltr'><strong>absurditatis</strong></span> <span class='ocrx_word' id='word_1_28' title='bbox 1109 1085 1223 1175; x_wconf 85' lang='lat' dir='ltr'><strong>arguit.</strong></span> <span class='ocrx_word' id='word_1_29' title='bbox 1268 1083 1326 1150; x_wconf 87' lang='lat' dir='ltr'><strong>lllc</strong></span> 
     </span>
     <span class='ocr_line' id='line_1_5' title="bbox 378 1222 1327 1324; baseline -0.003 -38"><span class='ocrx_word' id='word_1_30' title='bbox 378 1222 461 1288; x_wconf 90' lang='lat' dir='ltr'><strong>enim</strong></span> <span class='ocrx_word' id='word_1_31' title='bbox 484 1223 636 1314; x_wconf 78' lang='lat' dir='ltr'><strong>Diagorae</strong></span> <span class='ocrx_word' id='word_1_32' title='bbox 647 1223 749 1314; x_wconf 84' lang='lat' dir='ltr'><strong>leges,</strong></span> <span class='ocrx_word' id='word_1_33' title='bbox 775 1246 852 1314; x_wconf 89' lang='lat' dir='ltr'><strong>quas</strong></span> <span class='ocrx_word' id='word_1_34' title='bbox 871 1245 907 1324; x_wconf 83' lang='lat' dir='ltr'><strong>ex</strong></span> <span class='ocrx_word' id='word_1_35' title='bbox 920 1222 1050 1289; x_wconf 78' lang='lat' dir='ltr'><strong>Aeliano</strong></span> <span class='ocrx_word' id='word_1_36' title='bbox 1062 1233 1186 1288; x_wconf 81' lang='lat' dir='ltr'><strong>tantum</strong></span> <span class='ocrx_word' id='word_1_37' title='bbox 1199 1240 1327 1308; x_wconf 87' lang='lat' dir='ltr'><strong>cognos-</strong></span> 
     </span>
     <span class='ocr_line' id='line_1_6' title="bbox 379 1343 1327 1454; baseline -0.007 -29"><span class='ocrx_word' id='word_1_38' title='bbox 379 1380 451 1425; x_wconf 86' lang='lat' dir='ltr'><strong>cere</strong></span> <span class='ocrx_word' id='word_1_39' title='bbox 492 1359 618 1449; x_wconf 88' lang='lat' dir='ltr'><strong>potnit,</strong></span> <span class='ocrx_word' id='word_1_40' title='bbox 661 1343 818 1454; x_wconf 69' lang='lat' dir='ltr'><strong>suspectas</strong></span> <span class='ocrx_word' id='word_1_41' title='bbox 849 1358 945 1425; x_wconf 85' lang='lat' dir='ltr'><strong>habet</strong></span> <span class='ocrx_word' id='word_1_42' title='bbox 979 1357 1148 1436; x_wconf 86' lang='lat' dir='ltr'><strong>atheismi,</strong></span> <span class='ocrx_word' id='word_1_43' title='bbox 1186 1354 1327 1445; x_wconf 81' lang='lat' dir='ltr'><strong>quamvis</strong></span> 
     </span>
     <span class='ocr_line' id='line_1_7' title="bbox 378 1455 1326 1580; baseline -0.005 -21"><span class='ocrx_word' id='word_1_44' title='bbox 378 1506 465 1560; x_wconf 85' lang='lat' dir='ltr'><strong>retus</strong></span> <span class='ocrx_word' id='word_1_45' title='bbox 500 1492 570 1560; x_wconf 89' lang='lat' dir='ltr'><strong>hic·</strong></span> <span class='ocrx_word' id='word_1_46' title='bbox 593 1455 723 1576; x_wconf 78' lang='lat' dir='ltr'><strong>auctor,</strong></span> <span class='ocrx_word' id='word_1_47' title='bbox 760 1495 859 1562; x_wconf 90' lang='lat' dir='ltr'><strong>atheis</strong></span> <span class='ocrx_word' id='word_1_48' title='bbox 891 1494 1143 1572; x_wconf 89' lang='lat' dir='ltr'><strong>inimicissimus,</strong></span> <span class='ocrx_word' id='word_1_49' title='bbox 1177 1491 1259 1580; x_wconf 84' lang='lat' dir='ltr'><strong>leges</strong></span> <span class='ocrx_word' id='word_1_50' title='bbox 1287 1488 1326 1554; x_wconf 87' lang='lat' dir='ltr'><strong>il·</strong></span> 
     </span>
     <span class='ocr_line' id='line_1_8' title="bbox 375 1628 1398 1717; baseline -0.004 -22"><span class='ocrx_word' id='word_1_51' title='bbox 375 1629 420 1696; x_wconf 83' lang='lat' dir='ltr'><strong>las</strong></span> <span class='ocrx_word' id='word_1_52' title='bbox 449 1630 564 1698; x_wconf 87' lang='lat' dir='ltr'><strong>inritus</strong></span> <span class='ocrx_word' id='word_1_53' title='bbox 592 1631 777 1700; x_wconf 78' lang='lat' dir='ltr'><strong>laudaverit.</strong></span> <span class='ocrx_word' id='word_1_54' title='bbox 824 1630 944 1708; x_wconf 79' lang='lat' dir='ltr'><strong>Deinde</strong></span> <span class='ocrx_word' id='word_1_55' title='bbox 963 1629 1135 1698; x_wconf 83' lang='lat' dir='ltr'><strong>Balduinus</strong></span> <span class='ocrx_word' id='word_1_56' title='bbox 1159 1628 1325 1717; x_wconf 76' lang='lat' dir='ltr'><strong>Diagoram</strong></span> <span class='ocrx_word' id='word_1_57' title='bbox 1396 1652 1398 1656; x_wconf 94' lang='lat'>·</span> 
     </span>
     <span class='ocr_line' id='line_1_9' title="bbox 376 1763 1323 1858; baseline -0.005 -26"><span class='ocrx_word' id='word_1_58' title='bbox 376 1763 572 1833; x_wconf 87' lang='lat' dir='ltr'><strong>Diocletiano</strong></span> <span class='ocrx_word' id='word_1_59' title='bbox 585 1767 716 1858; x_wconf 89' lang='lat' dir='ltr'><strong>aliisque</strong></span> <span class='ocrx_word' id='word_1_60' title='bbox 728 1769 942 1836; x_wconf 87' lang='lat' dir='ltr'><strong>Romanorum</strong></span> <span class='ocrx_word' id='word_1_61' title='bbox 951 1766 1140 1842; x_wconf 88' lang='lat' dir='ltr'><strong>nomothetis</strong></span> <span class='ocrx_word' id='word_1_62' title='bbox 1154 1816 1164 1846; x_wconf 95' lang='lat'><strong>,</strong></span> <span class='ocrx_word' id='word_1_63' title='bbox 1188 1784 1323 1854; x_wconf 89' lang='lat' dir='ltr'><strong>quorum</strong></span> 
     </span>
     <span class='ocr_line' id='line_1_10' title="bbox 346 1883 1321 1993; baseline -0.004 -27"><span class='ocrx_word' id='word_1_64' title='bbox 346 1901 350 1910; x_wconf 86' lang='lat'>&#39;</span> <span class='ocrx_word' id='word_1_65' title='bbox 372 1900 519 1992; x_wconf 86' lang='lat' dir='ltr'><strong>pulchras</strong></span> <span class='ocrx_word' id='word_1_66' title='bbox 533 1900 764 1993; x_wconf 83' lang='lat' dir='ltr'><strong>&#39;sapientesque</strong></span> <span class='ocrx_word' id='word_1_67' title='bbox 792 1883 1003 1971; x_wconf 84' lang='lat' dir='ltr'><strong>institutiones</strong></span> <span class='ocrx_word' id='word_1_68' title='bbox 1023 1903 1177 1980; x_wconf 82' lang='lat' dir='ltr'><strong>miratur,</strong></span> <span class='ocrx_word' id='word_1_69' title='bbox 1201 1898 1321 1964; x_wconf 89' lang='lat' dir='ltr'><strong>assimi-</strong></span> 
     </span>
     <span class='ocr_line' id='line_1_11' title="bbox 373 2036 1320 2129; baseline -0.003 -28"><span class='ocrx_word' id='word_1_70' title='bbox 373 2036 437 2106; x_wconf 88' lang='lat' dir='ltr'><strong>lat:</strong></span> <span class='ocrx_word' id='word_1_71' title='bbox 458 2051 490 2103; x_wconf 89' lang='lat' dir='ltr'><strong>ct</strong></span> <span class='ocrx_word' id='word_1_72' title='bbox 509 2037 605 2128; x_wconf 90' lang='lat' dir='ltr'><strong>paulo</strong></span> <span class='ocrx_word' id='word_1_73' title='bbox 629 2050 732 2104; x_wconf 90' lang='lat' dir='ltr'><strong>tamen</strong></span> <span class='ocrx_word' id='word_1_74' title='bbox 749 2052 821 2129; x_wconf 85' lang='lat' dir='ltr'><strong>post</strong></span> <span class='ocrx_word' id='word_1_75' title='bbox 843 2041 1025 2121; x_wconf 85' lang='lat' dir='ltr'><strong>contendit,</strong></span> <span class='ocrx_word' id='word_1_76' title='bbox 1050 2036 1222 2129; x_wconf 86' lang='lat' dir='ltr'><strong>optandum</strong></span> <span class='ocrx_word' id='word_1_77' title='bbox 1241 2056 1320 2112; x_wconf 89' lang='lat' dir='ltr'><strong>esse,</strong></span> 
     </span>
     <span class='ocr_line' id='line_1_12' title="bbox 372 2151 1319 2264; baseline -0.003 -26"><span class='ocrx_word' id='word_1_78' title='bbox 372 2173 490 2239; x_wconf 89' lang='lat' dir='ltr'><strong>nullam</strong></span> <span class='ocrx_word' id='word_1_79' title='bbox 517 2151 622 2263; x_wconf 78' lang='lat' dir='ltr'><strong>potius</strong></span> <span class='ocrx_word' id='word_1_80' title='bbox 643 2173 866 2264; x_wconf 76' lang='lat' dir='ltr'><strong>legislationem</strong></span> <span class='ocrx_word' id='word_1_81' title='bbox 891 2198 978 2255; x_wconf 88' lang='lat' dir='ltr'><strong>esse,</strong></span> <span class='ocrx_word' id='word_1_82' title='bbox 1002 2175 1121 2241; x_wconf 90' lang='lat' dir='ltr'><strong>nullam</strong></span> <span class='ocrx_word' id='word_1_83' title='bbox 1141 2174 1319 2251; x_wconf 84' lang='lat' dir='ltr'><strong>civitatem,</strong></span> 
     </span>
     <span class='ocr_line' id='line_1_13' title="bbox 374 2291 1321 2404; baseline -0.008 -26"><span class='ocrx_word' id='word_1_84' title='bbox 374 2333 471 2401; x_wconf 90' lang='lat' dir='ltr'><strong>quam</strong></span> <span class='ocrx_word' id='word_1_85' title='bbox 487 2291 530 2377; x_wconf 76' lang='lat' dir='ltr'><strong>¹ab</strong></span> <span class='ocrx_word' id='word_1_86' title='bbox 554 2310 620 2376; x_wconf 84' lang='lat' dir='ltr'><strong>istis</strong></span> <span class='ocrx_word' id='word_1_87' title='bbox 643 2311 893 2400; x_wconf 85' lang='lat' dir='ltr'><strong>prudentissimis</strong></span> <span class='ocrx_word' id='word_1_88' title='bbox 903 2312 978 2378; x_wconf 84' lang='lat' dir='ltr'><strong>riris</strong></span> <span class='ocrx_word' id='word_1_89' title='bbox 989 2310 1166 2400; x_wconf 81' lang='lat' dir='ltr'><strong>gubernari.</strong></span> <span class='ocrx_word' id='word_1_90' title='bbox 1177 2347 1224 2404; x_wconf 15' lang='lat' dir='ltr'><strong>V-</strong></span> <span class='ocrx_word' id='word_1_91' title='bbox 1235 2307 1321 2374; x_wconf 86' lang='lat' dir='ltr'><strong>Bene</strong></span> 
     </span>
     <span class='ocr_line' id='line_1_14' title="bbox 371 2423 1408 2549; baseline -0.004 -38"><span class='ocrx_word' id='word_1_92' title='bbox 371 2444 456 2516; x_wconf 87' lang='lat' dir='ltr'><strong>hunc</strong></span> <span class='ocrx_word' id='word_1_93' title='bbox 480 2469 642 2514; x_wconf 81' lang='lat' dir='ltr'><strong>excursum</strong></span> <span class='ocrx_word' id='word_1_94' title='bbox 657 2448 789 2516; x_wconf 84' lang='lat' dir='ltr'><strong>absolvit</strong></span> <span class='ocrx_word' id='word_1_95' title='bbox 804 2447 900 2535; x_wconf 74' lang='lat' dir='ltr'><strong>Dayle</strong></span> <span class='ocrx_word' id='word_1_96' title='bbox 921 2425 1075 2516; x_wconf 85' lang='lat' dir='ltr'><strong>dicendo:</strong></span> <span class='ocrx_word' id='word_1_97' title='bbox 1097 2469 1143 2511; x_wconf 83' lang='lat' dir='ltr'><strong>un</strong></span> <span class='ocrx_word' id='word_1_98' title='bbox 1154 2446 1216 2510; x_wconf 79' lang='lat' dir='ltr'><strong>bon</strong></span> <span class='ocrx_word' id='word_1_99' title='bbox 1228 2423 1319 2534; x_wconf 65' lang='lat' dir='ltr'><strong>logssi·¹</strong></span> <span class='ocrx_word' id='word_1_100' title='bbox 1396 2541 1408 2549; x_wconf 80' lang='lat'>.</span> 
     </span>
    </p>
   </div>
   <div class='ocr_carea' id='block_1_2' title="bbox 369 2585 1019 2674">
    <p class='ocr_par' dir='ltr' id='par_1_2' title="bbox 369 2585 1019 2674">
     <span class='ocr_line' id='line_1_15' title="bbox 369 2585 1019 2674; baseline 0.002 -26"><span class='ocrx_word' id='word_1_101' title='bbox 369 2587 443 2648; x_wconf 79' lang='lat' dir='ltr'><strong>sien</strong></span> <span class='ocrx_word' id='word_1_102' title='bbox 463 2593 515 2650; x_wconf 88' lang='lat' dir='ltr'><strong>est</strong></span> <span class='ocrx_word' id='word_1_103' title='bbox 518 2585 607 2673; x_wconf 81' lang='lat' dir='ltr'><strong>plus</strong></span> <span class='ocrx_word' id='word_1_104' title='bbox 629 2605 712 2650; x_wconf 85' lang='lat' dir='ltr'><strong>rare</strong></span> <span class='ocrx_word' id='word_1_105' title='bbox 732 2592 828 2670; x_wconf 76' lang='lat' dir='ltr'><strong>qu&#39;on</strong></span> <span class='ocrx_word' id='word_1_106' title='bbox 844 2605 885 2648; x_wconf 84' lang='lat' dir='ltr'><strong>ue</strong></span> <span class='ocrx_word' id='word_1_107' title='bbox 900 2605 1019 2674; x_wconf 78' lang='lat' dir='ltr'><strong>pense.</strong></span> 
     </span>
    </p>
   </div>
   <div class='ocr_carea' id='block_1_3' title="bbox 320 2797 1316 3310">
    <p class='ocr_par' dir='ltr' id='par_1_3' title="bbox 320 2797 1316 3310">
     <span class='ocr_line' id='line_1_16' title="bbox 413 2797 1314 2906; baseline -0.011 -28"><span class='ocrx_word' id='word_1_108' title='bbox 413 2810 487 2899; x_wconf 76' lang='lat' dir='ltr'><strong>Peg.</strong></span> <span class='ocrx_word' id='word_1_109' title='bbox 524 2811 579 2874; x_wconf 88' lang='grc'><strong>29.</strong></span> <span class='ocrx_word' id='word_1_110' title='bbox 629 2807 715 2892; x_wconf 82' lang='lat' dir='ltr'><strong>Quae</strong></span> <span class='ocrx_word' id='word_1_111' title='bbox 751 2805 810 2876; x_wconf 85' lang='lat' dir='ltr'><em>W</em></span> <span class='ocrx_word' id='word_1_112' title='bbox 805 2797 969 2872; x_wconf 72' lang='lat' dir='ltr'><strong>arbitrum</strong></span> <span class='ocrx_word' id='word_1_113' title='bbox 999 2819 1106 2872; x_wconf 90' lang='lat' dir='ltr'><strong>contra</strong></span> <span class='ocrx_word' id='word_1_114' title='bbox 1136 2805 1239 2906; x_wconf 60' lang='lat' dir='ltr'><strong>Baglii</strong></span> <span class='ocrx_word' id='word_1_115' title='bbox 1274 2804 1314 2869; x_wconf 88' lang='lat' dir='ltr'><strong>de</strong></span> 
     </span>
     <span class='ocr_line' id='line_1_17' title="bbox 366 2942 1315 3035; baseline -0.008 -21"><span class='ocrx_word' id='word_1_116' title='bbox 366 2945 518 3014; x_wconf 90' lang='lat' dir='ltr'><strong>atheismo</strong></span> <span class='ocrx_word' id='word_1_117' title='bbox 543 2944 722 3035; x_wconf 87' lang='lat' dir='ltr'><strong>opinionem</strong></span> <span class='ocrx_word' id='word_1_118' title='bbox 742 2945 886 3035; x_wconf 76' lang='lat' dir='ltr'><strong>scripsit,</strong></span> <span class='ocrx_word' id='word_1_119' title='bbox 909 2965 973 3008; x_wconf 89' lang='lat' dir='ltr'><strong>non</strong></span> <span class='ocrx_word' id='word_1_120' title='bbox 992 2943 1070 3009; x_wconf 90' lang='lat' dir='ltr'><strong>adeo</strong></span> <span class='ocrx_word' id='word_1_121' title='bbox 1094 2942 1238 3009; x_wconf 85' lang='lat' dir='ltr'><strong>innescio</strong></span> <span class='ocrx_word' id='word_1_122' title='bbox 1251 2942 1315 3031; x_wconf 74' lang='lat' dir='ltr'><strong>qui</strong></span> 
     </span>
     <span class='ocr_line' id='line_1_18' title="bbox 320 3055 1316 3170; baseline -0.005 -21"><span class='ocrx_word' id='word_1_123' title='bbox 320 3055 323 3061; x_wconf 23' lang='grc' dir='ltr'><strong><em>Ι</em></strong></span> <span class='ocrx_word' id='word_1_124' title='bbox 365 3083 582 3149; x_wconf 84' lang='lat' dir='ltr'><strong>dissertatione</strong></span> <span class='ocrx_word' id='word_1_125' title='bbox 614 3080 716 3160; x_wconf 88' lang='lat' dir='ltr'><strong>XIII,</strong></span> <span class='ocrx_word' id='word_1_126' title='bbox 749 3078 803 3146; x_wconf 87' lang='lat' dir='ltr'><strong>sed</strong></span> <span class='ocrx_word' id='word_1_127' title='bbox 834 3079 939 3170; x_wconf 90' lang='lat' dir='ltr'><strong>potius</strong></span> <span class='ocrx_word' id='word_1_128' title='bbox 962 3079 996 3144; x_wconf 92' lang='lat' dir='ltr'><strong>in</strong></span> <span class='ocrx_word' id='word_1_129' title='bbox 1013 3079 1097 3145; x_wconf 92' lang='lat' dir='ltr'><strong>illius</strong></span> <span class='ocrx_word' id='word_1_130' title='bbox 1121 3080 1165 3159; x_wconf 73' lang='lat' dir='ltr'><strong>ule</strong></span> <span class='ocrx_word' id='word_1_131' title='bbox 1184 3079 1316 3144; x_wconf 75' lang='lat' dir='ltr'><strong>Divind</strong></span> 
     </span>
     <span class='ocr_line' id='line_1_19' title="bbox 366 3193 1313 3310; baseline -0.008 -24"><span class='ocrx_word' id='word_1_132' title='bbox 366 3222 539 3310; x_wconf 78' lang='lat' dir='ltr'><strong>legatione</strong></span> <span class='ocrx_word' id='word_1_133' title='bbox 562 3217 677 3283; x_wconf 82' lang='lat' dir='ltr'><strong>Musis</strong></span> <span class='ocrx_word' id='word_1_134' title='bbox 699 3217 902 3302; x_wconf 80' lang='lat' dir='ltr'><strong>inveniuntur</strong></span> <span class='ocrx_word' id='word_1_135' title='bbox 923 3239 1017 3307; x_wconf 86' lang='lat' dir='ltr'><strong>opere</strong></span> <span class='ocrx_word' id='word_1_136' title='bbox 1032 3216 1152 3306; x_wconf 43' lang='lat' dir='ltr'><strong>,ffquod</strong></span> <span class='ocrx_word' id='word_1_137' title='bbox 1165 3193 1245 3280; x_wconf 83' lang='lat' dir='ltr'><strong>mihi</strong></span> <span class='ocrx_word' id='word_1_138' title='bbox 1258 3213 1313 3279; x_wconf 92' lang='lat' dir='ltr'><strong>diu</strong></span> 
     </span>
    </p>
   </div>
   <div class='ocr_carea' id='block_1_4' title="bbox 364 3353 1398 3492">
    <p class='ocr_par' dir='ltr' id='par_1_4' title="bbox 364 3353 1398 3492">
     <span class='ocr_line' id='line_1_20' title="bbox 364 3353 1398 3446; baseline -0.004 -25"><span class='ocrx_word' id='word_1_139' title='bbox 364 3355 551 3446; x_wconf 84' lang='lat' dir='ltr'><strong>quaesiteuti</strong></span> <span class='ocrx_word' id='word_1_140' title='bbox 590 3375 692 3443; x_wconf 86' lang='lat' dir='ltr'><strong>neque</strong></span> <span class='ocrx_word' id='word_1_141' title='bbox 737 3353 891 3444; x_wconf 83' lang='lat' dir='ltr'><strong>inspicere</strong></span> <span class='ocrx_word' id='word_1_142' title='bbox 929 3375 1032 3442; x_wconf 87' lang='lat' dir='ltr'><strong>neque</strong></span> <span class='ocrx_word' id='word_1_143' title='bbox 1066 3353 1206 3444; x_wconf 87' lang='lat' dir='ltr'><strong>reperire</strong></span> <span class='ocrx_word' id='word_1_144' title='bbox 1237 3369 1323 3418; x_wconf 48' lang='lat' dir='ltr'><strong>conf</strong></span> <span class='ocrx_word' id='word_1_145' title='bbox 1396 3427 1398 3430; x_wconf 17' lang='lat'>¹</span> 
     </span>
     <span class='ocr_line' id='line_1_21' title="bbox 754 3456 1218 3492; baseline -0.002 -7"><span class='ocrx_word' id='word_1_146' title='bbox 754 3461 779 3492; x_wconf 64' lang='lat' dir='ltr'><strong>,t</strong></span> <span class='ocrx_word' id='word_1_147' title='bbox 1215 3456 1218 3462; x_wconf 94' lang='grc'><strong><em>·</em></strong></span> 
     </span>
    </p>
   </div>
   <div class='ocr_carea' id='block_1_5' title="bbox 240 3492 517 3595">
    <p class='ocr_par' dir='ltr' id='par_1_5' title="bbox 240 3492 517 3595">
     <span class='ocr_line' id='line_1_22' title="bbox 240 3492 517 3595; baseline -0.004 -38"><span class='ocrx_word' id='word_1_148' title='bbox 240 3587 244 3595; x_wconf 16' lang='grc' dir='ltr'><strong><em>μ</em></strong></span> <span class='ocrx_word' id='word_1_149' title='bbox 363 3492 445 3581; x_wconf 59' lang='lat' dir='ltr'><strong>ugr.</strong></span> <span class='ocrx_word' id='word_1_150' title='bbox 471 3529 517 3542; x_wconf 72' lang='grc'><strong>.-</strong></span> 
     </span>
    </p>
   </div>
   <div class='ocr_carea' id='block_1_6' title="bbox 407 3661 1308 3804">
    <p class='ocr_par' dir='ltr' id='par_1_6' title="bbox 407 3661 1308 3804">
     <span class='ocr_line' id='line_1_23' title="bbox 407 3661 1308 3804; baseline 0.001 -24"><span class='ocrx_word' id='word_1_151' title='bbox 407 3716 481 3804; x_wconf 76' lang='lat' dir='ltr'><strong>Peg:</strong></span> <span class='ocrx_word' id='word_1_152' title='bbox 520 3717 574 3781; x_wconf 87' lang='lat'><strong>71.</strong></span> <span class='ocrx_word' id='word_1_153' title='bbox 609 3714 633 3782; x_wconf 90' lang='lat' dir='ltr'><strong>l.</strong></span> <span class='ocrx_word' id='word_1_154' title='bbox 671 3716 725 3780; x_wconf 88' lang='lat'><strong>16.</strong></span> <span class='ocrx_word' id='word_1_155' title='bbox 746 3661 921 3781; x_wconf 72' lang='lat' dir='ltr'><strong>annuente.</strong></span> <span class='ocrx_word' id='word_1_156' title='bbox 942 3712 1008 3802; x_wconf 83' lang='lat' dir='ltr'><strong>lege</strong></span> <span class='ocrx_word' id='word_1_157' title='bbox 1031 3714 1137 3804; x_wconf 88' lang='lat' dir='ltr'><strong>potius</strong></span> <span class='ocrx_word' id='word_1_158' title='bbox 1156 3735 1222 3779; x_wconf 79' lang='lat' dir='ltr'><strong>uon</strong></span> <span class='ocrx_word' id='word_1_159' title='bbox 1243 3719 1308 3781; x_wconf 75' lang='lat' dir='ltr'><strong>im-</strong></span> 
     </span>
    </p>
   </div>
   <div class='ocr_carea' id='block_1_7' title="bbox 361 3852 528 3946">
    <p class='ocr_par' dir='ltr' id='par_1_7' title="bbox 361 3852 528 3946">
     <span class='ocr_line' id='line_1_24' title="bbox 361 3852 528 3946; baseline -0.024 -26"><span class='ocrx_word' id='word_1_160' title='bbox 361 3852 528 3946; x_wconf 83' lang='lat' dir='ltr'><strong>pedientc.</strong></span> 
     </span>
    </p>
   </div>
   <div class='ocr_carea' id='block_1_8' title="bbox 406 4035 1421 4170">
    <p class='ocr_par' dir='ltr' id='par_1_8' title="bbox 377 4029 1421 4170">
     <span class='ocr_line' id='line_1_25' title="bbox 406 4035 1421 4170; baseline 0.071 -83.944"><span class='ocrx_word' id='word_1_161' title='bbox 406 4067 481 4170; x_wconf 33' lang='lat' dir='ltr'><strong>*mg</strong></span> <span class='ocrx_word' id='word_1_162' title='bbox 496 4069 559 4143; x_wconf 68' lang='lat'><strong>77.</strong></span> <span class='ocrx_word' id='word_1_163' title='bbox 584 4035 617 4146; x_wconf 89' lang='lat' dir='ltr'><strong>l.</strong></span> <span class='ocrx_word' id='word_1_164' title='bbox 631 4081 670 4144; x_wconf 21' lang='lat'><strong>¹8:</strong></span> <span class='ocrx_word' id='word_1_165' title='bbox 713 4077 785 4143; x_wconf 82' lang='lat' dir='ltr'><strong>Post</strong></span> <span class='ocrx_word' id='word_1_166' title='bbox 808 4077 903 4143; x_wconf 81' lang='lat' dir='ltr'><strong>verbo</strong></span> <span class='ocrx_word' id='word_1_167' title='bbox 925 4099 1034 4170; x_wconf 74' lang='lat' dir='ltr'><strong>poure.</strong></span> <span class='ocrx_word' id='word_1_168' title='bbox 1061 4089 1094 4145; x_wconf 82' lang='lat' dir='ltr'><strong>et</strong></span> <span class='ocrx_word' id='word_1_169' title='bbox 1106 4080 1324 4168; x_wconf 80' lang='lat' dir='ltr'><strong>rel.patieb.&#39;</strong></span> <span class='ocrx_word' id='word_1_170' title='bbox 1419 4155 1421 4158; x_wconf 84' lang='lat'>.</span> 
     </span>
    </p>
   </div>
   <div class='ocr_carea' id='block_1_9' title="bbox 0 0 1544 5504">
    <p class='ocr_par' dir='ltr' id='par_1_9' title="bbox 0 0 1544 5504">
     <span class='ocr_line' id='line_1_26' title="bbox 0 0 1544 5504; baseline 0 9"><span class='ocrx_word' id='word_1_171' title='bbox 0 0 1544 5504; x_wconf 95' lang='lat' dir='ltr'><strong> </strong></span> 
     </span>
    </p>
   </div>
  </div>
 </body>
</html>
