3078 5504
858 571 902 634 84

401 747 500 814 guam
537 723 624 792 tituli
654 725 792 814 speeiem
812 748 888 817 prae
912 747 945 796 se
961 723 1089 805 ierunt,
1114 736 1146 788 et
1168 719 1353 811 ceteroquin

405 825 595 940 intendunt,
632 861 713 928 hano
745 861 792 928 rel
811 862 973 929 dumtaxat
994 857 1356 947 similem-signifieatio·

403 1016 475 1061 nem
500 993 568 1083 jam
599 997 721 1086 saepius
748 997 884 1078 factam,
917 1011 949 1064 et
971 995 1095 1063 abunde
1116 1007 1223 1061 notam
1244 993 1350 1060 hrisse.

212 1115 215 1122 ⁴
305 1173 309 1182 ·
402 1130 473 1197 Ηοο
503 1153 618 1197 nomen
652 1132 749 1222 igitur
771 1131 853 1199 libro
876 1132 1002 1199 ridetur
1020 1116 1205 1222 impositum
1227 1128 1266 1194 ab
1289 1128 1353 1207 iis,

403 1267 460 1356 qui
493 1265 660 1356 Diagoram
695 1289 822 1332 exosum
850 1241 982 1335 reddere
1017 1267 1180 1333 nolebant:
1220 1286 1294 1330 uam
1328 1263 1355 1330 ri

399 1402 440 1467 ab
460 1416 588 1470 auctore
613 1404 680 1492 ipso
701 1401 831 1480 fuisset,
856 1402 1066 1493 opportunior
1090 1425 1184 1492 soopo
1204 1400 1367 1480 Tatiani.

398 1560 502 1628 neque
522 1539 561 1605 rh
584 1537 640 1604 illo
661 1536 902 1629 praetermissus
925 1551 1015 1605 esset.
1064 1539 1146 1606 Nam
1167 1537 1233 1603 sine
1255 1536 1352 1603 dubio

402 1674 550 1744 Tatianus
562 1725 572 1758 ,
606 1695 704 1763 quum
735 1673 888 1762 Diagorae
906 1673 1004 1740 libros
1028 1675 1128 1754 citat,
1153 1695 1232 1764 quos
1252 1671 1353 1739 Athe-

401 1810 523 1875 nienses
543 1809 786 1891 aversabantur,
811 1823 932 1900 spectat
950 1809 1042 1891 istos,
1067 1811 1124 1900 qui
1147 1822 1277 1901 propter
1294 1809 1355 1874 im-

402 1946 553 2036 pietatem
573 1946 707 2036 pessime
728 1943 921 2026 audiebant3
948 1956 981 2010 et
1004 1966 1140 2034 quorum
1159 1944 1353 2010 mentionem

401 2077 533 2170 legimus
554 2081 588 2144 in
609 2077 767 2168 Hesychio
787 2093 820 2146 et
843 2081 877 2144 in
902 2077 999 2146 Suida
1016 2078 1143 2145 iactam.
1190 2079 1256 2145 Hos
1271 2099 1356 2143 nun-

402 2228 496 2306 oupat
517 2215 664 2282 Tatianus
688 2203 850 2302 Φρυγίους
866 2212 1003 2295 λόγους·
1036 2216 1092 2278 καὶ
1112 2218 1180 2288 τοῖς
1199 2213 1354 2299 Φρυγίοις

399 2351 502 2416 αὐτοῦ
536 2351 714 2442 (Diagorae)
747 2349 855 2432 λόγοις
883 2353 1139 2436 ἐντυγχάνοντες
1160 2353 1244 2435 ἡμᾶς
1262 2376 1358 2435 μεμι-

385 2493 531 2584 4σήοοιτε·
568 2488 602 2577 1)
634 2509 735 2578 quem·
763 2487 906 2580 profecto
931 2509 1041 2553 rernm
1057 2509 1122 2553 esse
1142 2485 1271 2553 titulum
1291 2509 1359 2553 ore·

403 2623 456 2690 do.
504 2624 569 2692 Alii
600 2645 727 2713 quoque
749 2623 930 2714 philosophi
960 2621 1044 2716 idem
1068 2644 1183 2690 nomen
1207 2613 1357 2690 misthe-

404 2759 531 2848 ologiois
562 2755 827 2846 disputationibus
859 2758 1096 2849 inscripserunt.
1140 2759 1229 2824 Inter
1262 2779 1357 2847 opera

403 2893 576 2962 Democriti
610 2890 772 2982 deperdito
806 2903 984 2956 recensetur
1017 2895 1157 2975 Φρύγιος
1182 2889 1303 2971 λόγος,
1322 2887 1358 2976 2)

403 3028 557 3121 quemad
580 3027 686 3095 locum
705 3028 918 3117 Meuagius
949 3026 1192 3097 animadvertit:
1229 3030 1358 3095 Drstare

403 3167 462 3233 sub
492 3165 666 3231 Democriti
692 3166 819 3231 nomine
849 3162 888 3230 de
920 3175 986 3228 arte
1011 3163 1096 3229 seori
1120 3165 1183 3230 sire
1204 3165 1243 3231 de
1264 3166 1358 3232 rebus

353 3367 355 3372 ,
403 3298 600 3368 naturalibus
625 3299 976 3387 etmpstioisiihellum.
1007 3275 1187 3368 Damaroius
1199 3301 1238 3368 de
1250 3301 1374 3391 Rhene

404 3437 599 3530 physiologii
629 3435 735 3501 laudat
767 3439 910 3520 Dourion
934 3433 1046 3514 λόγον.
1083 3437 1260 3527 intelligere
1279 3437 1359 3504 mihi

406 3575 529 3642 ridetur
547 3559 725 3646 Loh‘eok,
753 3573 919 3661 Diagoram
942 3573 975 3636 in
998 3573 1190 3662 sermonibus
1213 3572 1358 3660 Phrygiis

406 3733 455 3774 res
485 3721 583 3797 gestos
603 3709 756 3812 deorum,
782 3709 863 3772 siout
883 3721 989 3794 postea
1010 3708 1086 3772 fecit
1106 3709 1295 3786 Euemerus‚
1318 3709 1359 3774 ed
1456 3781 1460 3790 ,

389 3843 565 3908 ¹historiam
599 3861 767 3940 rprooasse.
803 3843 837 3930 3)
870 3843 1106 3908 Gronovius
1139 3843 1234 3941 etium
1256 3843 1362 3934 Phry-

404 3993 589 4013 vm

438 4070 466 4133 1)
500 4067 548 4124 Dr.
567 4045 594 4122 e.
611 4065 702 4120 Graec.
719 4084 747 4136 p.
767 4041 826 4122 164.
842 4067 873 4120 A.
949 4067 977 4139 2)
1010 4066 1089 4136 Diog.
1107 4067 1192 4122 La'ert.
1209 4067 1256 4126 Vi.
1273 4065 1325 4122 ts.

335 4173 338 4179 ’
434 4183 469 4244 3)
503 4179 535 4234 In
549 4175 735 4254 Agiahphamit.
752 4198 779 4253 p.
794 4180 856 4235 370.
