3078 5504
706 547 745 608 71

248 691 418 790 sinceritati
448 723 542 812 bajias
569 723 648 788 tacti
662 749 674 801 ,·
708 721 792 811 qaod
821 720 973 788 atheismo
998 715 1087 788 Melit
1108 737 1199 806 prae·

247 859 348 925 baisse
361 858 532 926 dicebatur
554 881 680 939 ansam,
706 859 923 948 suffragantur.
973 855 1022 924 Ati
1045 852 1195 921 Buddei

243 1008 347 1062 tamen
375 995 469 1061 verba
506 995 683 1074 attendite,
720 1016 855 1082 quaeso:
892 1015 984 1090 quoe
1002 991 1044 1057 de
1063 995 1194 1058 occasi-

156 1153 167 1168 ·
246 1155 328 1212 one,
351 1134 421 1222 quoi
435 1134 594 1200 inductus
617 1131 798 1222 Diagoras
820 1129 870 1195 cd
891 1151 1051 1195 summam
1070 1129 1195 1194 hancce

241 1271 449 1358 inmietctmt
474 1274 665 1358 processit,
696 1275 1018 1344 commemorantur,
1030 1267 1112 1354 fere
1135 1263 1192 1329 de-

240 1410 452 1484 monstrant,
484 1405 650 1484 immistam,
672 1427 739 1471 mora
772 1409 1061 1491 sctiscompotem
1074 1399 1194 1487 fitisse

239 1543 372 1608 meotis.
402 1539 450 1624 1).
481 1539 563 1608 Satis
598 1563 657 1631 pro
689 1538 824 1628 imperio
855 1536 996 1604 dictam!
1022 1535 1072 1602 An
1096 1533 1193 1637 igitur

238 1697 276 1742 ex
298 1675 466 1757 omnibus,
489 1698 570 1766 quae
580 1673 744 1765 bucusque
756 1672 986 1762 explicuimus,
1008 1668 1091 1736 nihil
1105 1667 1193 1735 aliud
1266 1690 1271 1695 “

236 1813 365 1878 omnino
382 1823 544 1904 appareat,
571 1813 633 1878 nisi
655 1811 862 1902 desipientem
878 1809 971 1876 fuisse
993 1801 1187 1895 Diagoram?

234 1947 307 2016 Non
319 1936 323 1944 ⁵
337 1959 387 2014 est
415 1945 504 2037 qnod
521 1933 655 2038 nomm,
690 1948 859 2038 Diagoram
883 1945 1025 2036 deposito
1045 1941 1186 2010 fraudari

234 2085 396 2174 potuisse,
427 2097 460 2150 et
493 2084 598 2149 furem
617 2083 775 2173 impunite
798 2085 961 2173 pejerare;
988 2082 1067 2172 quin
1088 2082 1184 2147 etiam
1253 2103 1256 2108 ·

236 2216 418 2318 socordibus
446 2230 481 2284 et
503 2219 622 2285 obtusis
644 2217 826 2288 hominibus
849 2220 1000 2286 usitatum
1021 2237 1086 2282 esse
1108 2207 1186 2280 con-

231 2349 329 2440 cedo,
354 2373 417 2418 non
438 2350 555 2418 babere
573 2327 700 2432 Deum,
722 2355 783 2419 nisi
804 2375 922 2422 morem
944 2351 1006 2420 illis
1021 2363 1127 2442 gerat,
1152 2363 1185 2416 et

231 2487 339 2553 omnia
366 2490 425 2577 pro
459 2485 614 2554 desiderio
631 2485 822 2556 succedant:
847 2489 901 2554 sed
923 2489 1025 2556 obstat
1044 2488 1183 2567 rationi,
1206 2484 1219 2508 ⁸

227 2621 394 2713 Diagoram
431 2621 656 2714 philosopham
669 2601 690 2705 ,V
720 2625 914 2714 ingenioque
949 2638 1179 2717 praestantem,

222 2757 304 2826 banc
327 2760 370 2826 ob
384 2779 513 2827 :oausam
537 2760 666 2826 erasisse
678 2758 806 2828 atheum
819 2811 828 2842 ,
841 2774 921 2842 etex
935 2783 973 2827 eo
987 2810 997 2841 ,
1021 2759 1107 2852 quod
1119 2781 1179 2827 an·

223 2909 340 2964 noento
360 2896 427 2962 Deo
447 2896 519 2962 fieri
538 2909 665 2988 potest,
689 2895 835 2965 atheismi
856 2894 993 2964 hausisse
1010 2915 1177 2986 argumen-

222 3043 301 3098 tum.
349 3032 397 3100 Ne
424 3031 539 3121 plura:
574 3031 733 3123 quidquid
764 3033 887 3098 serioris
919 3032 987 3143 aeri
1009 3032 1176 3122 scriptores

222 3162 261 3230 da
296 3162 348 3230 his
377 3137 562 3230 xfabulantur
597 3168 632 3232 in
671 3165 807 3248 chartis,
832 3146 975 3234 exortum
994 3167 1118 3235 videtur
1137 3190 1176 3238 ex

220 3299 297 3366 anili
334 3297 471 3365 obsoleti
505 3299 756 3381 historiuncnlt,
796 3304 975 3398 cujusmodi
1006 3303 1174 3394 plerasque
1276 3260 1281 3270 ›

218 3439 300 3506 tama
334 3436 408 3502 serit
441 3448 474 3502 et
503 3449 615 3525 anget3
642 3435 691 3502 vel
714 3437 809 3504 etiam
831 3438 959 3526 vulgos,
984 3439 1168 3531 Diagoream

217 3573 400 3666 opinionem
432 3571 651 3664 opinionisqne
692 3573 810 3640 fontem
848 3575 1010 3666 ignorans,
1045 3575 1170 3646 futilem

179 3741 182 3747 ’
215 3712 320 3798 potins
354 3732 412 3800 pro
451 3722 548 3800 captu
575 3731 697 3778 cansam
730 3709 893 3801 fingebat,
922 3726 983 3778 aot
1013 3711 1054 3779 ab
1075 3712 1168 3796 aliis,

126 3853 130 3872 ¹
217 3863 352 3932 qaorum
387 3846 565 3928 asistebat,
604 3847 713 3916 fictam
732 3847 891 3917 audiebat.
939 3848 1110 3931 Portiones,
1132 3853 1167 3918 in

216 3979 368 4069 Diagorae
391 3982 523 4068 negotiis
546 3983 743 4064 enarrandis,
764 3985 1005 4075 patefaciemus,
1031 4007 1172 4078 quarum·

214 4107 399 4124 m*

249 4165 276 4230 1)
312 4159 363 4230 Op.
381 4157 401 4214 l.
416 4178 439 4216 c.
453 4165 483 4232 J.
502 4163 523 4232 5.
543 4165 585 4215 19.
