3078 5504
816 591 878 657 116
945 629 949 638 1

371 768 474 860 'phire
498 734 790 859 'fruticeta'assequi
818 791 880 833 non
905 778 1051 856 poterat.=
1083 766 1251 830 *Praeterea
1278 762 1325 828 nii

381 903 507 971 credere
525 917 636 982 vetat,
661 904 827 994 Diagoram
847 904 881 969 in
903 903 1034 992 scriptis
1050 897 1255 988 etoolioquiis
1268 921 1323 964 re-

379 1037 596 1119 hementiore,
622 1061 715 1130 quam
740 1039 922 1119 Socratem,
947 1045 1035 1103 usum
1061 1059 1125 1102 esse
1137 1036 1260 1114 ironii,
1287 1035 1327 1116 1)·

378 1195 460 1266 quae
495 1175 629 1242 credulis
662 1187 740 1242 esset
774 1174 959 1254 offensioni,
994 1174 1113 1238 levibus
1143 1171 1319 1260 voluptati;

377 1310 431 1376 sed
461 1311 543 1375 inter
581 1308 672 1391 illos,
699 1335 833 1402 quorum
854 1311 1027 1389 intererat,
1052 1307 1167 1374 multos
1189 1306 1236 1372 illi
1261 1307 1324 1371 ini-

316 1423 320 1432 ’
376 1445 474 1512 nricos
495 1446 656 1513 excitaret.
683 1447 866 1538 Tempora
889 1467 1038 1536 quoque,
1064 1443 1325 1536 quibasdtheni-
1382 1465 1384 1470 ·

375 1598 462 1648 enses
483 1593 570 1648 tunc
596 1595 691 1647 erant
726 1582 894 1672 impediti,
931 1593 963 1647 et
995 1582 1028 1646 in
1064 1604 1143 1671 quae
1177 1581 1324 1670 Diagoras
1359 1619 1364 1631 ·

376 1717 553 1798 inciderat,
584 1715 660 1783 huic
695 1718 822 1783 omnino
851 1687 979 1784 filerunt
999 1719 1118 1808 iniqua.
1167 1718 1323 1785 Mantine-

377 1861 463 1919 dnses
495 1852 602 1932 enim,
634 1875 769 1940 quorum
802 1853 920 1920 amicus
955 1867 1042 1933 erat,
1073 1853 1260 1918 deficiebant
1281 1851 1320 1916 ab

375 1986 568 2056 duanam
604 1987 742 2056 foedere.
772 1967 808 2077 2)
837 1987 976 2079 Melos,
1000 1988 1084 2056 unde
1104 2000 1187 2069 erat,
1212 1988 1317 2078 capie-

374 2125 491 2203 batur,
515 2138 548 2190 et
566 2124 807 2214 ipsiusincolae
830 2124 1115 2212 inexpugnatione
1126 2124 1319 2201 sentiebant,
1346 2188 1352 2200 ,

374 2282 468 2350 quam
501 2260 613 2326 inrisos
646 2258 792 2324 cirissui
816 2281 905 2324 causa
924 2259 1007 2350 ipsos
1029 2260 1228 2328 reddiderat:
1255 2258 1322 2324 διε-

297 2364 300 2373 *
374 2393 535 2484 βίβληντο·
558 2394 593 2459 δὲ
615 2395 667 2459 ἐπὶ
688 2393 788 2476 adduit}
804 2394 836 2458 οἱ
860 2391 986 2483 Μήλιιοι
1008 2397 1072 2461 οἷπὸ
1087 2400 1259 2482 Διαγόρου.
1286 2397 1321 2480 3)

373 2499 478 2600 Etiam
512 2555 584 2599 oum
615 2529 811 2598 Clarierio
841 2545 1030 2622 meputare
1054 2535 1223 2613 convenit,
1247 2533 1322 2598 Dia-

372 2691 476 2757 goram
503 2667 635 2758 perinde
667 2689 702 2733 ac
738 2666 923 2748 Socratem,
960 2669 1133 2736 Alcibiadis
1159 2670 1254 2736 fuisse
1275 2671 1331 2734 fa-·
1365 2711 1367 2716 .

372 2801 526 2869 miliarem
550 2813 582 2867 et
606 2815 804 2871 consortem:
831 2803 864 2889 5.)
888 2803 948 2869 hoc
968 2804 1051 2868 enim
1072 2804 1173 2893 liquet
1186 2856 1195 2884 ,
1210 2827 1329 2894 quam·⁴
1378 2887 1383 2894 ,

371 2938 431 3004 ris'
452 2939 616 3004 amborum
647 2939 770 3005 nomina
800 2937 944 3027 nuspiam
964 2963 981 3003 a
1002 2923 1205 3028 scriptoribus
1223 2943 1319 3030 junc-

370 3075 426 3140 tim
448 3087 695 3165 nuncupentur,
719 3096 738 3139 e
757 3072 960 3139 similitudine
984 3074 1040 3140 fari
1054 3111 1070 3154 ,·
1089 3077 1173 3165 quod
1193 3077 1321 3168 insuper

370 3203 480 3276 eodem
509 3222 651 3298 tempore
682 3211 798 3276 evenit.
846 3209 958 3276 Nullus
973 3259 981 3289 ,
995 3221 1045 3274 'an
1062 3212 1113 3277 ita
1136 3213 1202 3294 sit,
1226 3215 1322 3280 dubi·

364 3346 481 3418 tationi
513 3345 601 3411 locus
634 3335 853 3437 relinquetur,
880 3346 909 3410 si
934 3346 1134 3412 conferentur
1158 3347 1332 3440 Aristoph-

370 3482 473 3560 Ares,
498 3481 533 3566 6)
558 3480 713 3548 Diodorus
737 3479 883 3560 Siculus,
910 3481 944 3569 7)
965 3479 1126 3576 Cornelius
1140 3485 1245 3574 Nepos
1259 3537 1268 3566 ,
1283 3487 1317 3572 8)

369 3609 588 3706 Thucydides,
613 3616 648 3702 9)
673 3629 705 3682 et
728 3595 867 3683 adhunc
889 3617 993 3683 locum
1015 3621 1173 3686 annotatio
1187 3621 1315 3687 Dukeri.

366 3769 549 3784 *w

398 3842 427 3914 1)Ι
458 3841 500 3895 Cs.
518 3841 599 3895 Maior
617 3839 694 3911 apl.
711 3858 736 3910 p.
754 3845 814 3894 tto.
846 3885 850 3892 .
979 3846 1010 3905 2)
1046 3841 1085 3897 Cf.
1103 3862 1128 3914 p.
1148 3845 1192 3898 25.
1260 3917 1267 3927 ἢ

395 3955 423 4026 a)
456 3952 508 4008 cn.
520 3933 567 4022 'pp
586 3955 629 4008 ra.
648 3964 674 4006 a
690 3954 724 4006 aa
826 3952 852 4022 a)
886 3951 970 4010 naor.
993 3955 1040 4008 ar.
1060 3957 1123 4012 aaa.
1142 3976 1165 4010 v.
1185 3958 1248 4010 saa.

310 4131 311 4136 Ν
393 4070 422 4140 s)
456 4045 713 4152 inapparatu.
815 4065 1057 4148 accaron.
1125 4069 1151 4138 n
1185 4068 1320 4144 unici.

398 4187 427 4254 s)
461 4177 748 4268 uncinarem.
791 4179 968 4264 stutoo.
1307 4176 1309 4180 ·
