3078 5504
664 585 758 678 'ar

233 763 306 844 dinc
328 799 449 845 summa
469 779 538 880 sere¹
563 775 718 868 Pbrygiae
743 775 902 867 religionis
918 787 1080 854 versatur,
1106 795 1186 864 quae

232 915 417 1005 praesertim
448 913 609 980 eduobus
623 913 734 980 annuis
756 913 925 1004 solidisque
949 913 1034 980 festis
1057 931 1187 1001 cognos-

192 1129 195 1136 ,
230 1049 326 1117 citur.
374 1048 516 1118 Primum
536 1050 690 1132 solemne,
714 1049 844 1118 ineunte
868 1072 963 1131 rere,
1002 1047 1187 1141 incipiebat.

227 1185 342 1276 Itaque
374 1189 497 1277 primo
529 1188 601 1254 festi
614 1238 624 1270 ,
657 1187 805 1256 Martisve
832 1187 985 1278 vigesimo
1007 1187 1110 1277 primo
1134 1185 1187 1251 dio

231 1319 394 1403 Attidem,
429 1347 492 1414 quo
523 1326 598 1418 jam,
626 1326 823 1392 semestrium
851 1323 1076 1414 indiguerunt,
1101 1323 1190 1412 quasi

231 1458 432 1552 deperditum
463 1461 713 1529 lamentabantur
736 1475 769 1528 ct
795 1462 999 1552 quaerebant.
1046 1457 1198 1540 Secum·

230 1596 298 1663 dus
328 1597 442 1664 deinde
470 1597 537 1666 dico
567 1612 635 1665 erat
662 1599 894 1680 buccinarum
931 1611 999 1664 turn
1037 1595 1187 1663 continue

229 1733 333 1801 curris
361 1735 515 1800 inflabant
548 1734 659 1816 lituis,
682 1737 739 1825 qui
763 1735 855 1802 lunae
884 1755 1002 1801 cornua
1029 1728 1186 1822 signifiea-
1301 1807 1305 1814 ,

227 1867 327 1972 bant:
352 1891 427 1935 narn
451 1869 544 1936 lunae
569 1888 697 1961 quoque
715 1871 835 1951 cultus,
856 1871 976 1960 quippe
995 1869 1084 1958 eujus
1099 1879 1186 1934 tanta
1287 1877 1290 1886 ’

225 2003 272 2070 ris
298 2016 346 2071 est
366 2006 400 2071 in
420 2018 521 2071 terrae
540 2005 811 2088 foecunditatem,
836 2028 898 2074 non
919 2029 937 2072 a
956 2017 1057 2073 terrae
1076 2005 1186 2072 matria

228 2138 317 2205 cultu
352 2141 583 2210 secernebatur.
640 2143 778 2210 Tertio
801 2142 941 2233 denique
961 2141 1032 2222 die,
1054 2141 1112 2230 qni
1132 2161 1187 2206 rer

228 2274 411 2364 aperiebat,
436 2276 579 2343 inventus
597 2290 674 2366 erat*
689 2278 775 2346 Attis
801 2277 875 2359 ille,
889 2290 922 2344 et
945 2275 1038 2364 hujus
1066 2275 1186 2342 inventi

227 2409 343 2502 gaudio
373 2413 481 2478 cuncti
511 2409 712 2480 uehementer
742 2413 888 2482 orabant.
945 2411 1035 2479 Tunc
1057 2409 1185 2481 demum

227 2545 368 2614 virorum
391 2545 448 2614 diu
468 2569 663 2639 compressus
686 2547 777 2615 ardor
801 2548 953 2629 insanire,
974 2546 1186 2638 etaculmine

225 2681 365 2751 laetitiae
390 2685 580 2776 praecipites
616 2685 649 2750 in
673 2706 797 2751 sacrum
819 2685 959 2750 furorem
983 2695 1015 2750 et
1039 2695 1186 2751 cruentos

225 2841 317 2888 ansus
337 2819 530 2888 ferebantur.
578 2820 667 2889 llaec
690 2819 771 2887 clare
787 2821 976 2892 Lucretius:
1004 2833 1007 2848 '

272 2957 449 3049 Tympano
462 2966 553 3023 lmto
563 2959 833 3049 tonantpalma'o,
846 2967 880 3024 et
890 2958 1044 3057 cymbalo
1053 2961 1184 3024 ciream

264 3115 430 3174 concavo,
451 3098 701 3182 raucisonoque
716 3097 896 3157 minantur
913 3115 1041 3158 cornua
1061 3101 1186 3159 mulsa:

272 3235 305 3293 el
325 3228 486 3318 Phrygio
504 3209 661 3294 alimuldt
678 3250 816 3293 numero
826 3252 913 3294 cova
925 3229 1011 3294 tibio
1023 3205 1185 3295 cimicia:

272 3367 407 3456 teloque
423 3373 658 3457 praeponant
679 3366 823 3433 violenti
843 3369 949 3458 signa
962 3363 1182 3454 fierora'asl)

209 3519 213 3526 '
271 3503 398 3582 Horum
428 3499 559 3591 Cybeles
578 3502 766 3592 pontificum
792 3524 857 3568 sese
879 3502 1034 3569 castrandi
1052 3523 1182 3569 consue·

222 3641 321 3723 tudo,
342 3641 428 3732 quod
448 3639 567 3708 Attidis
587 3639 685 3706 instar
709 3637 826 3721 fiebat,
843 3637 1022 3727 symbolum
1043 3635 1181 3707 habeba-

223 3771 277 3846 tui
301 3792 446 3846 mortuae
469 3777 620 3868 Naturae,
636 3775 780 3868 quando,
796 3775 982 3868 frigescente
993 3775 1073 3859 sole,
1086 3777 1182 3844 uber·

225 3926 272 3981 tas
296 3926 329 3980 et
347 3913 526 4004 plantarum
551 3915 784 3983 incrementum
809 3915 955 4006 rurisque
974 3915 1079 4006 fruges
1102 3913 1182 3981 deli·

225 4052 337 4148 ciunt,
362 4063 394 4117 et
412 4049 540 4120 hiemali
562 4066 690 4144 torpore
711 4054 1062 4146 quasiaxstinguuntnr.
1091 4051 1181 4120 Hane

226 4181 411 4198 m

256 4231 284 4302 1)
316 4231 353 4289 11.
377 4235 441 4289 ete.
