3128 5448
275 707 277 712 '
357 702 482 790 multis,
508 683 698 795 Cycladibus
723 665 838 786 Therd,
886 701 982 790 Delo,
1008 703 1140 795 aliisque
1164 723 1307 770 commu-

288 875 291 886 ·
356 836 438 922 nem'
452 838 575 909 habuit.
602 840 634 929 1)
682 840 792 908 Postea
825 841 964 908 Lacones
987 841 1141 910 coloniam
1166 836 1308 926 Amyclis

354 973 431 1041 illuc
455 974 667 1057 deduxerunt,
692 977 725 1067 2)
746 1001 827 1044 anno
850 983 916 1046 700
934 992 1006 1045 aute
1028 975 1134 1048 Melon
1152 973 1192 1040 ab
1206 971 1307 1042 Athe·

354 1109 515 1178 niensibus
538 1113 704 1198 obsessam;
732 1116 818 1208 quod
843 1129 967 1206 tempus
991 1115 1016 1180 si
1041 1114 1121 1180 bene
1141 1089 1308 1177 definitum

356 1259 404 1314 est
426 1271 444 1314 a
466 1247 677 1337 Thucydide,
713 1247 747 1337 3)
784 1249 897 1317 incidit
927 1252 960 1316 in
981 1272 1098 1316 annum
1123 1253 1209 1327 288,
1235 1257 1308 1313 onte

332 1385 491 1475 primam
515 1385 756 1477 Olympiadem,
780 1385 830 1452 vel
854 1387 888 1451 in
909 1408 1026 1454 annum
1051 1393 1114 1468 35,
1138 1383 1308 1474 antequam

354 1519 453 1588 liores
475 1523 508 1587 in
527 1485 777 1612 Peloponnesum
800 1523 1029 1592 descenderint.
1076 1522 1215 1589 Lacones
1246 1519 1306 1610 ipi-

355 1667 407 1724 tur
438 1656 487 1725 illi
519 1658 625 1726 Melon
650 1658 860 1727 inhabitantes
884 1682 921 1726 ex
944 1671 1045 1728 aetate
1069 1654 1305 1724 ante-Doriensi

355 1805 444 1859 erant
477 1793 626 1877 oriundi3
651 1819 761 1862 uerum
785 1809 928 1878 constat,
952 1818 1016 1863 non
1036 1794 1115 1862 adeo
1141 1793 1308 1860 Dorienses

354 1927 550 2020 Spartiates,
585 1932 638 1999 sed
668 1931 809 2000 Achaeos
832 1934 939 2025 potius
962 1931 1104 2019 Amyclis
1126 1929 1307 1997 humanita-

355 2079 421 2134 tem
443 2081 476 2134 et
497 2091 599 2135 mores
622 2067 774 2137 intulisse.
834 2068 955 2136 Eodem
978 2089 1015 2134 ex
1038 2067 1156 2158 oppido
1180 2067 1307 2156 Minyae

353 2225 481 2296 quoque
522 2166 628 2272 lielon
664 2203 868 2273 advenerunt.
905 2206 939 2292 4)
1003 2204 1152 2272 Attamen
1186 2202 1306 2270 Achaei
1357 2305 1372 2324 ι

274 2397 276 2404 .
351 2340 558 2432 Mirryaeque,
582 2342 701 2431 pariter
717 2333 761 2409 ,ac
784 2341 998 2430 Ampelienses
1027 2341 1107 2431 ipsi,
1137 2321 1305 2430 Spartiatis

352 2476 512 2574 immixti,
537 2477 703 2545 Dorienses
726 2480 803 2547 sacti
827 2491 921 2547 sunt:
959 2497 1032 2540 nam
1052 2448 1174 2556 lllelos,
1204 2474 1305 2542 donec

351 2609 392 2677 ab
416 2611 659 2680 Atheniensibus
681 2627 855 2705 expugnata
879 2611 999 2692 fuerit,
1024 2634 1167 2708 semper,
1192 2625 1305 2716 quate·

347 2769 407 2814 nus
452 2748 618 2830 norimus,
654 2747 790 2814 ostendit
826 2771 857 2812 se
892 2746 1214 2813 Lacedaemoniorum
1249 2711 1304 2814 co·

349 2883 466 2951 lonium
497 2884 618 2980 haberi¹
638 2883 794 2966 voluisse,
814 2895 846 2950 et
866 2883 978 2949 stabile
1002 2906 1075 2950 cum
1099 2881 1148 2948 his
1170 2883 1303 2950 servavit

349 3020 480 3104 loedos3
514 3021 547 3110 5)
589 3044 724 3112 quorum
756 3019 899 3111 partibus
923 3043 1007 3088 cum
1022 3066 1027 3073 -
1044 3021 1196 3100 affinitas,
1215 3068 1218 3074 f
1234 3031 1304 3088 tum

348 3156 465 3223 ricinia
487 3156 658 3239 Laconiae,
680 3158 790 3225 Melios
806 3159 964 3248 junxerat.
990 3159 1302 3249 Erumpentetemeu

347 3332 533 3347 m

384 3428 411 3499 l)
445 3425 558 3500 Thucyd.
574 3426 597 3484 1.
615 3428 640 3484 8.
657 3427 780 3486 Herodot.
797 3427 842 3484 tv.
861 3429 921 3484 147.
937 3427 1044 3484 Pansae.
1060 3428 1154 3484 lacon.
1170 3427 1218 3484 tn.
1236 3429 1261 3482 1.

381 3540 411 3611 2)
443 3541 539 3596 Conon.
556 3540 670 3596 Narratt.
687 3545 730 3598 36.

381 3661 409 3732 3)
443 3661 523 3717 Thac.
547 3661 581 3716 V.
611 3662 678 3731 112ss
702 3657 816 3718 πόλεως
844 3651 1015 3723 totondere,
1041 3653 1092 3729 ἔτη
1118 3657 1174 3729 ἤδη
1203 3658 1297 3714 οἰκον.

329 3793 330 3796 ’
431 3769 537 3852 μένης.

380 3895 409 3966 4)
441 3891 569 3948 Plutarch.
585 3890 650 3949 Mul.
666 3893 725 3950 virt.
741 3913 767 3967 p,
784 3893 846 3950 247.
863 3893 893 3950 C.

382 4009 411 4080 a)
444 4007 524 4062 Thac.
555 4005 588 4084 V.
621 4006 673 4070 84.
705 4010 771 4074 lot,
797 4005 856 4064 108.
899 4005 1010 4078 Xenoplr,
1039 4005 1138 4065 Hellen.
1163 4007 1198 4067 ll.
1221 4013 1247 4068 2.
1273 4013 1300 4068 2.

438 4119 535 4178 llerotl.
551 4117 623 4176 Vlll.
641 4117 683 4175 48.
1298 4138 1302 4146 ’
