3128 5448
697 553 800 618 33⁴

116 735 119 738 ’
242 727 406 796 Immerito
421 729 577 820 temporis
601 741 758 800 rationem
781 730 932 802 adsuum
957 723 1203 807 eonsiliunrtor·

240 843 470 936 suso‘vidoa'm.
527 865 768 948 Versus‘enirn,
794 866 828 934 in
849 890 913 960 qno
934 885 998 933 non
1018 858 1201 952 urgentius,

240 1022 335 1092 quana
366 1002 400 1068 in
426 1003 579 1072 sementis
593 1013 607 1085 ‚⁴
625 1002 783 1093 Diagorae
800 1002 961 1096 peculiare
985 998 1136 1094 quiddam
1153 994 1201 1064 la-

106 1203 120 1212 ,
239 1150 307 1220 tet,
341 1137 458 1248 nullius
485 1139 552 1208 fere
576 1137 799 1230 vponderiaest
820 1149 1063 1230 argumentum,
1086 1131 1127 1202 ad
1149 1143 1199 1200 tot

239 1295 336 1342 annos
352 1274 535 1344 movendos.

284 1409 324 1477 ln
343 1408 483 1478 Socratis
504 1423 612 1482 autem
633 1421 779 1506 tempora-
797 1410 943 1482 incidisse
964 1409 1118 1499 Diagorae
1142 1405 1198 1490 odg-

236 1557 390 1629 rentum,
412 1558 536 1638 tempus
556 1547 669 1618 docete
696 1547 787 1621 illum
811 1548 863 1617 01.
889 1531 933 1616 78
953 1550 1062 1614 aunol
1084 1555 1196 1611 natum

186 1761 188 1766 ,
234 1693 339 1749 aetate
368 1678 548 1775 superabat.
607 1684 955 1774 SocratemlDiagorae
977 1681 1107 1774 quidem
1125 1679 1193 1764 dis·

234 1819 378 1912 cipulum
396 1820 512 1902 fuisso,
534 1823 664 1911 conjicit
682 1819 894 1922 sagacissimus
913 1817 1031 1908 Bayle
1049 1815 1190 1901 eSelnol.

232 1954 330 2024 Arist.
354 1956 442 2028 Nub.
464 1981 495 2027 v.
519 1956 873 2044 828;)Αρισταγόρου
894 1958 957 2043 γὰρ
978 1958 1034 2021 τοῦ
1053 1949 1192 2040 Μηλίου

230 2073 417 2178 μαθῇτὴςό
439 2098 630 2181 Σωκράτης.
678 2094 843 2188 Significat
866 2112 962 2186 porto
981 2089 1190 2172 scholiastes,

234 2225 419 2308 Socratem,
443 2240 610 2318 propterea
637 2229 724 2322 quod
744 2231 812 2319 ejus
831 2230 980 2322 magister
999 2226 1193 2317 Aristagoras

229 2363 292 2431 und
312 2386 386 2432 oum
409 2362 534 2432 civibus
554 2365 681 2446 Meliis,
705 2367 861 2455 Diagorae
891 2368 1005 2448 eausd,
1026 2364 1116 2432 mole
1132 2385 1190 2432 an·

230 2499 363 2582 diebos,
391 2500 527 2592 impium
548 2511 581 2568 et
604 2501 866 2592 contumeliosum
887 2501 1008 2570 haberi.
1056 2499 1111 2600 Sin
1131 2522 1190 2592 per

202 2635 336 2726 'longas
359 2649 392 2703 et
413 2636 536 2730 ineptas
555 2637 701 2730 ambages
717 2638 864 2712 iooedere
887 2649 1038 2730 oportet,·
1062 2637 1102 2704 ad
1134 2661 1187 2706 er·

226 2769 410 2864 plicandum
433 2795 566 2840 acumen
583 2771 904 2868 Melfi'oognominis,
929 2797 993 2866 quo
1016 2773 1188 2844 dedecora·

227 2921 280 2974 tur
307 2908 463 2978 Socrates.
511 2911 642 2980 lieetior
662 2903 850 3004 expediendi
871 2914 920 2982 ria
938 2924 1052 3004 patet,
1074 2913 1100 2978 ai
1126 2911 1187 2982 So·

227 3055 344 3110 erotem
375 3044 553 3137 Diagorae,
585 3072 649 3117 non
684 3049 881 3142 Aristagorae
911 3047 1089 3116 auditorem
1121 3068 1187 3116 esse
1220 3033 1225 3042 ’

167 3186 174 3204 “
228 3177 440 3248 emendamus.
499 3183 623 3254 Nomen
659 3185 856 3276 Aristagorae
887 3186 921 3252 in
954 3183 1081 3254 scholiis
1104 3186 1187 3258 mole

225 3327 457 3382 commutatum
477 3316 614 3389 ridetur.
648 3319 761 3410 Neque
780 3321 934 3412 Diogenes
952 3322 1116 3406 Laertius,
1128 3347 1186 3391 ne-

225 3473 289 3542 que
323 3441 594 3523 commentatores
614 3477 763 3557 *usquam
787 3447 985 3548 Aristagorae
1023 3458 1112 3527 Melii
1144 3483 1185 3530 ne

155 3563 157 3572 Ι
221 3587 320 3656 verbo
342 3579 474 3680 quidem
494 3592 720 3660 meminerunt.
767 3565 933 3660 Praetoria
945 3644 954 3676 ‚
974 3618 1184 3690 quaeeunque
1259 3593 1262 3604 ’

226 3723 414 3792 scholiastes
440 3738 472 3793 et
493 3724 606 3796 Suidas
628 3727 668 3796 de
690 3729 870 3820 Aristagora
887 3744 1038 3814 narrant,
1069 3756 1184 3828 nempe

226 3855 496 3946 dithyrambioum
524 3864 620 3932 fuisse
646 3879 679 3933 et
699 3863 868 3936 Eleusiniis
887 3867 1069 3952 insultasse,
1090 3896 1184 3966 pror·

225 4016 277 4062 aus
294 3995 333 4062 ad
356 3997 523 4087 Diagoram
544 4021 608 4070 esse
630 4003 819 4112 referenda,
839 4027 858 4070 e
885 4006 1090 4096 sequentibus
1111 4007 1184 4078 luce

223 4129 337 4200 clarius
359 4125 494 4224 patebit.

1046 4261 1066 4321 ³
