3078 5504
817 517 880 582 120

375 671 541 779 Asey'oooe
561 689 791 786 ἐφυγαδεύθη,
815 693 868 760 ὅτε
892 694 948 758 καὶ
968 690 1174 786 niiov'ssego
1197 641 1322 784 attor)

377 830 523 912 ναυαγίᾳ
565 829 730 916 ἐχρήσατο.
772 829 804 916 1)
862 829 950 897 Tune
986 851 1059 897 sero
1091 843 1215 898 acutam
1249 831 1326 898 feeit

375 967 629 1058 responsionem,
666 986 760 1057 qnam
785 966 825 1050 ‚in
846 965 941 1031 simili
962 978 1046 1032 certe
1061 987 1135 1032 oasu
1157 942 1341 1056 Diagoram,

374 1102 508 1170 edidisse
539 1115 646 1182 narrat
666 1099 802 1181 Cicero,
826 1100 969 1182 seilicet,
994 1123 1094 1192 quum
1115 1101 1145 1166 ei
1168 1101 1325 1192 naviganti

182 1219 187 1232 ¹
249 1297 266 1318 ,
374 1251 533 1319 rectores,
558 1237 684 1304 adversi
706 1249 890 1330 tempestate
908 1237 1013 1303 timidi
1024 1249 1056 1303 et
1067 1237 1251 1327 perterriti,
1276 1235 1325 1302 di·

374 1387 505 1455 cerent,
536 1395 600 1439 non
619 1374 733 1463 injurii
757 1373 816 1439 sibi
839 1371 919 1457 illud
938 1371 1100 1453 accidere,
1125 1373 1181 1463 qui
1192 1371 1324 1464 illumin

374 1509 505 1576 eandem
534 1531 645 1575 narem
676 1509 886 1599 recepissent,
923 1507 1059 1574 ostendit
1090 1509 1134 1574 eis
1158 1509 1192 1574 in
1213 1507 1323 1576 eodem

375 1669 468 1715 eursu
497 1645 611 1712 multas
648 1645 722 1712 alias
754 1613 953 1725 laborantes,
986 1643 1224 1735 quaesivitque,
1246 1667 1322 1714 num

335 1838 337 1842 .
373 1785 470 1850 etiam
501 1783 534 1848 in
562 1781 600 1847 iis
628 1781 758 1847 navibus
790 1779 957 1870 Diagoram
985 1779 1057 1848 vehi
1087 1781 1261 1850 crederent.
1287 1780 1323 1866 2)

361 1919 446 1988 'Non
476 1931 597 1997 tamen,
629 1916 729 1982 fracti
761 1938 858 1997 nare,
881 1918 978 2006 periit
998 1918 1032 1982 in
1051 1917 1163 1998 undis,
1186 1931 1223 1984 nt
1244 1917 1321 1983 Pro-

373 2067 515 2144 tagoras:
539 2052 574 2140 3)
605 2073 677 2118 nam
701 2052 736 2116 in
755 2064 904 2142 sequente
927 2053 1030 2142 eapite
1050 2052 1212 2143 Diagoram
1236 2053 1321 2144 apud

359 2189 570 2257 ‘Pellaneos
593 2187 741 2255 latentem
765 2177 1043 2277 depiehendemns.
1148 2215 1151 2224 ·

407 2379 438 2484 r)
470 2375 542 2468 inn.
558 2414 618 2486 on.
635 2412 670 2468 n.
688 2411 728 2482 or.
744 2431 770 2482 p.
782 2403 824 2467 ‘es
839 2429 879 2484 sq.
994 2415 1023 2479 2)
1057 2413 1089 2469 s.
1106 2412 1142 2468 n.
1160 2367 1208 2468 rn.
1226 2413 1268 2468 ss.

409 2525 437 2597 3)
469 2524 512 2582 Gi.
529 2543 556 2596 p.
572 2527 617 2595 47,
