3078 5504
651 585 776 644 85,

112 825 114 833 ,
199 763 321 851 giorum
351 781 529 832 sermonum
561 773 704 825 naturam
736 757 828 824 docet
860 779 897 824 er
930 753 1082 842 Hesychii
1116 767 1153 822 et

200 895 315 964 Suidae
340 895 445 962 titulo.
477 895 509 983 1)
557 896 624 963 Nec
643 917 706 962 non
723 908 761 972 ¹et
777 873 955 966 ‚Vossius
978 891 1040 959 hoe
1053 890 1148 982 arbi*

198 1044 324 1115 tratur,
361 1054 433 1098 narn
463 1043 632 1121 postquam
666 1031 789 1099 Tatiani
822 1021 918 1104 verba
948 1027 1149 1105 laudaverat,

198 1167 307 1236 addit:
333 1167 518 1258 Phrygios·
542 1189 710 1233 sermones
728 1170 840 1250 fuisse
858 1167 1014 1232 arbitror
1040 1165 1170 1248 histo*¹

198 1308 290 1370 riom
307 1303 439 1382 eornm,
463 1324 546 1388 guae
568 1301 619 1366 od
636 1300 778 1388 Cybelen
797 1307 870 1376 sice
880 1311 1022 1368 matrem
1033 1259 1156 1385 Pnryss

195 1442 294 1531 giam
324 1449 357 1506 et
374 1436 447 1526 ejus
466 1461 570 1503 roera
584 1441 821 1527 pertinerent,
845 1447 944 1525 atque
959 1439 1001 1502 ab
1018 1459 1056 1502 co
1080 1457 1154 1500 esse

198 1575 264 1653 fine
287 1575 348 1640 boc
366 1578 618 1663 conscriptam,
640 1582 680 1639 nt
694 1599 717 1641 o
742 1575 984 1648 sacrisillius
1003 1573 1160 1636 homines·

200 1720 379 1778 averteret.
405 1711 439 1796 2)
464 1711 549 1778 Num
563 1707 930 1800 Phrygiissermonihus,
955 1682 1093 1776 Deorum
1102 1708 1156 1780 fa·
1230 1763 1232 1768 -

201 1845 322 1912 milium
355 1847 417 1912 uni
451 1868 523 1912 curn
552 1858 652 1912 matre
686 1845 922 1926 evertentihuS,
954 1867 1069 1911 nomen
1088 1844 1157 1910 roa
1258 1932 1260 1937 .

202 1979 494 2066 ἀποπυργιζόντων
521 1977 627 2059 λόγων
665 1980 808 2046 deditum
831 1994 909 2048 esset
929 1994 1059 2072 propter
1083 1990 1162 2052 tor-¹

201 2119 307 2180 ritnm
334 2116 472 2182 Deorum
502 2129 657 2196 matrem,
682 2139 763 2207 quae
784 2119 967 2208 Pbrygiae
983 2141 1040 2208 per
1061 2117 1164 2191 urbes

205 2247 390 2329 invehitur,
414 2263 451 2314 ut
475 2252 558 2318 canit
581 2251 732 2339 Virgilius
757 2252 838 2320 Aen.
862 2253 920 2320 Vl.
946 2276 976 2320 v.
1003 2255 1089 2322 785„
1196 2328 1200 2335 ,

251 2385 344 2450 laeta
375 2383 483 2452 Derim
497 2393 631 2474 parta,
657 2349 785 2450 centnm
803 2379 986 2478 complexo
998 2397 1134 2479 nepotes
1146 2441 1156 2470 ,
1186 2409 1188 2415 ’

249 2543 360 2586 omnes
385 2519 592 2600 coelicolas,
623 2542 736 2590 omnes
758 2546 884 2614 supera
907 2525 984 2590 alta
1002 2505 1167 2618 tenentes
1249 2512 1255 2530 '

248 2658 341 2750 Hanc
364 2655 536 2734 doctissimi
549 2655 648 2722 Voss
659 2656 689 2721 ii
702 2660 887 2727 sententiam
901 2711 911 2740 ,
936 2662 988 2728 oui
1000 2619 1164 2730 et'bbeisr

204 2793 226 2860 l.
251 2793 274 2860 l.
310 2795 517 2883 suffragetur,
552 2804 583 2857 et
620 2791 673 2858 oui
709 2755 836 2883 prorsus
861 2795 1018 2865 confidere
1039 2763 1167 2878 multa,

207 2953 287 3020 quae
310 2930 458 3020 Diagoras
470 2929 837 3019 perpetrassetraditur,
862 2931 991 2998 suadent
1005 2961 1020 3011 ,·
1038 2933 1170 3002 fontem

210 3065 387 3143 constituo,
420 3063 503 3128 unde
534 3084 603 3128 mea
628 3062 807 3153 disquisitio
838 3076 983 3146 emanet,
1008 3079 1039 3134 st
1064 3067 1163 3147 libri,

217 3197 303 3288 quod
328 3197 493 3287 suspicor,
516 3211 734 3284 argumentum
758 3199 929 3289 explicem..

258 3332 317 3401 His
339 3332 436 3422 igitur
452 3332 485 3398 in
505 3329 650 3421 Phrygiis
673 3335 865 3404 sermonibus
885 3350 1007 3404 tantum
1018 3361 1168 3430 quaerere

215 3483 339 3562 oportet
362 3467 462 3549 illud,
488 3467 572 3558 quod
585 3466 796 3560 Athenagoras
815 3469 854 3536 de
865 3473 1001 3562 propriis
1013 3475 1169 3566 Diagorae

215 3605 411 3692 documentis
445 3617 623 3684 memorat,
660 3616 692 3671 et
719 3627 841 3675 oausam
874 3610 1012 3698 reperire
1033 3612 1170 3704 triplicis

216 3743 424 3810 accusationis
435 3791 445 3822 ,
482 3763 575 3831 quem
596 3741 716 3809 ibidem
736 3742 854 3811 refert:
882 3747 1101 3832 Διαγόρα...
1125 3756 1173 3834 μὴ,

217 3880 317 3961 μόνον
345 3879 401 3943 ado
431 3875 586 3962 Ὀρφικὸν
619 3881 663 3951 εἷς
695 3877 792 3961 μέσον
814 3881 1027 3950 κατατιθέντι
1051 3881 1181 3968 bbyor„

218 4027 378 4044 μ

253 4105 281 4166 Ι)
317 4100 394 4153 Thes·
411 4099 469 4153 unt.
487 4099 536 4152 Gr.
555 4101 588 4156 T.
607 4101 638 4156 X.
660 4121 685 4171 p.
705 4105 746 4156 47.

256 4215 284 4286 2)
318 4214 358 4270 De
375 4213 443 4270 trist.
461 4213 552 4268 Graec·
571 4233 598 4283 p.
618 4215 680 4270 lot..
