<?xml version="1.0" encoding="UTF-8"?>
<!DOCTYPE html PUBLIC "-//W3C//DTD XHTML 1.0 Transitional//EN"
    "http://www.w3.org/TR/xhtml1/DTD/xhtml1-transitional.dtd">
<html xmlns="http://www.w3.org/1999/xhtml" xml:lang="en" lang="en">
 <head>
  <title>
</title>
<meta http-equiv="Content-Type" content="text/html;charset=utf-8" />
  <meta name='ocr-system' content='tesseract 3.04.00' />
  <meta name='ocr-capabilities' content='ocr_page ocr_carea ocr_par ocr_line ocrx_word'/>
</head>
<body>
  <div class='ocr_page' id='page_1' title='image "./disputatiophilo00moungoog_0144.png"; bbox 0 0 3078 5504; ppageno 0'>
   <div class='ocr_carea' id='block_1_1' title="bbox 541 964 971 1040">
    <p class='ocr_par' dir='ltr' id='par_1_1' title="bbox 541 964 971 1040">
     <span class='ocr_line' id='line_1_1' title="bbox 541 964 971 1040; baseline 0.005 -2"><span class='ocrx_word' id='word_1_1' title='bbox 541 964 893 1038; x_wconf 74' lang='lat' dir='ltr'><strong>ABDENDA.</strong></span> <span class='ocrx_word' id='word_1_2' title='bbox 966 1029 971 1040; x_wconf 88' lang='grc'><em>,</em></span> 
     </span>
    </p>
   </div>
   <div class='ocr_carea' id='block_1_2' title="bbox 242 1234 1198 2150">
    <p class='ocr_par' dir='ltr' id='par_1_2' title="bbox 242 1234 1198 2150">
     <span class='ocr_line' id='line_1_2' title="bbox 292 1234 1197 1334; baseline -0.007 -24"><span class='ocrx_word' id='word_1_3' title='bbox 292 1241 367 1334; x_wconf 70' lang='lat' dir='ltr'><strong>rag.</strong></span> <span class='ocrx_word' id='word_1_4' title='bbox 402 1245 458 1312; x_wconf 83' lang='lat'><strong>28.</strong></span> <span class='ocrx_word' id='word_1_5' title='bbox 489 1240 546 1310; x_wconf 87' lang='lat' dir='ltr'><strong>lin.</strong></span> <span class='ocrx_word' id='word_1_6' title='bbox 584 1244 616 1308; x_wconf 83' lang='lat'><strong>4.</strong></span> <span class='ocrx_word' id='word_1_7' title='bbox 649 1240 681 1304; x_wconf 85' lang='grc' dir='ltr'><strong>τὶ</strong></span> <span class='ocrx_word' id='word_1_8' title='bbox 711 1236 747 1303; x_wconf 76' lang='grc' dir='ltr'><strong>δε</strong></span> <span class='ocrx_word' id='word_1_9' title='bbox 768 1276 813 1290; x_wconf 89' lang='grc'>-</span> <span class='ocrx_word' id='word_1_10' title='bbox 831 1237 959 1322; x_wconf 58' lang='grc' dir='ltr'>ἔθυονῑ</span> <span class='ocrx_word' id='word_1_11' title='bbox 986 1237 1013 1303; x_wconf 85' lang='lat' dir='ltr'><strong>lt</strong></span> <span class='ocrx_word' id='word_1_12' title='bbox 1036 1234 1197 1304; x_wconf 82' lang='lat' dir='ltr'><strong>Plutarchi</strong></span> 
     </span>
     <span class='ocr_line' id='line_1_3' title="bbox 245 1374 1196 1476; baseline -0.001 -33"><span class='ocrx_word' id='word_1_13' title='bbox 245 1375 378 1446; x_wconf 88' lang='lat' dir='ltr'><strong>laudatis</strong></span> <span class='ocrx_word' id='word_1_14' title='bbox 409 1379 513 1446; x_wconf 76' lang='lat' dir='ltr'><strong>uerbis</strong></span> <span class='ocrx_word' id='word_1_15' title='bbox 543 1399 605 1444; x_wconf 91' lang='lat' dir='ltr'><strong>nou</strong></span> <span class='ocrx_word' id='word_1_16' title='bbox 635 1375 767 1476; x_wconf 79' lang='lat' dir='ltr'><strong>perinde</strong></span> <span class='ocrx_word' id='word_1_17' title='bbox 791 1375 955 1465; x_wconf 88' lang='lat' dir='ltr'><strong>sequitur,</strong></span> <span class='ocrx_word' id='word_1_18' title='bbox 979 1374 1146 1466; x_wconf 77' lang='lat' dir='ltr'>Diagoram</span> <span class='ocrx_word' id='word_1_19' title='bbox 1161 1396 1196 1442; x_wconf 87' lang='lat' dir='ltr'><strong>re</strong></span> 
     </span>
     <span class='ocr_line' id='line_1_4' title="bbox 244 1478 1197 1612; baseline -0.002 -30"><span class='ocrx_word' id='word_1_20' title='bbox 244 1515 317 1582; x_wconf 73' lang='lat' dir='ltr'><strong>verat</strong></span> <span class='ocrx_word' id='word_1_21' title='bbox 339 1514 433 1584; x_wconf 84' lang='lat' dir='ltr'><strong>fuisse</strong></span> <span class='ocrx_word' id='word_1_22' title='bbox 454 1513 661 1612; x_wconf 77' lang='lat' dir='ltr'><strong>legislatorem</strong></span> <span class='ocrx_word' id='word_1_23' title='bbox 677 1537 686 1596; x_wconf 75' lang='grc' dir='ltr'>ς</span> <span class='ocrx_word' id='word_1_24' title='bbox 712 1511 878 1602; x_wconf 82' lang='lat' dir='ltr'><strong>multoque</strong></span> <span class='ocrx_word' id='word_1_25' title='bbox 896 1514 1001 1580; x_wconf 91' lang='lat' dir='ltr'><strong>minus</strong></span> <span class='ocrx_word' id='word_1_26' title='bbox 1012 1478 1101 1580; x_wconf 88' lang='lat' dir='ltr'><strong>iilum</strong></span> <span class='ocrx_word' id='word_1_27' title='bbox 1114 1511 1197 1604; x_wconf 77' lang='lat' dir='ltr'><strong>leges</strong></span> 
     </span>
     <span class='ocr_line' id='line_1_5' title="bbox 244 1647 1198 1740; baseline -0.001 -24"><span class='ocrx_word' id='word_1_28' title='bbox 244 1650 388 1740; x_wconf 72' lang='lat' dir='ltr'><strong>religioni</strong></span> <span class='ocrx_word' id='word_1_29' title='bbox 417 1651 551 1718; x_wconf 75' lang='lat' dir='ltr'><strong>infensas</strong></span> <span class='ocrx_word' id='word_1_30' title='bbox 568 1650 686 1719; x_wconf 85' lang='lat' dir='ltr'><strong>tulisse.</strong></span> <span class='ocrx_word' id='word_1_31' title='bbox 732 1649 803 1717; x_wconf 87' lang='lat' dir='ltr'><strong>Hoc</strong></span> <span class='ocrx_word' id='word_1_32' title='bbox 826 1661 951 1718; x_wconf 78' lang='lat' dir='ltr'><strong>tantum</strong></span> <span class='ocrx_word' id='word_1_33' title='bbox 974 1649 1108 1740; x_wconf 81' lang='lat' dir='ltr'><strong>scriptor</strong></span> <span class='ocrx_word' id='word_1_34' title='bbox 1128 1647 1198 1716; x_wconf 89' lang='lat' dir='ltr'><strong>rult</strong></span> 
     </span>
     <span class='ocr_line' id='line_1_6' title="bbox 245 1783 1197 1879; baseline -0.001 -25"><span class='ocrx_word' id='word_1_35' title='bbox 245 1783 372 1856; x_wconf 79' lang='lat' dir='ltr'><strong>dicere:</strong></span> <span class='ocrx_word' id='word_1_36' title='bbox 408 1809 440 1868; x_wconf 73' lang='lat' dir='ltr'><strong>se</strong></span> <span class='ocrx_word' id='word_1_37' title='bbox 472 1786 591 1878; x_wconf 77' lang='lat' dir='ltr'><strong>legibus</strong></span> <span class='ocrx_word' id='word_1_38' title='bbox 625 1786 847 1879; x_wconf 76' lang='lat' dir='ltr'><strong>superstitiosis</strong></span> <span class='ocrx_word' id='word_1_39' title='bbox 872 1785 1080 1876; x_wconf 67' lang='lat' dir='ltr'><strong>fornicisque</strong></span> <span class='ocrx_word' id='word_1_40' title='bbox 1103 1808 1197 1876; x_wconf 85' lang='lat' dir='ltr'><strong>prae·</strong></span> 
     </span>
     <span class='ocr_line' id='line_1_7' title="bbox 244 1921 1196 2016; baseline 0.003 -29"><span class='ocrx_word' id='word_1_41' title='bbox 244 1921 327 1988; x_wconf 87' lang='lat' dir='ltr'><strong>ferre</strong></span> <span class='ocrx_word' id='word_1_42' title='bbox 362 1921 467 2012; x_wconf 78' lang='lat' dir='ltr'><strong>leges,</strong></span> <span class='ocrx_word' id='word_1_43' title='bbox 504 1947 585 2016; x_wconf 85' lang='lat' dir='ltr'><strong>qnae</strong></span> <span class='ocrx_word' id='word_1_44' title='bbox 619 1925 802 2016; x_wconf 62' lang='lat' dir='ltr'><strong>religionem</strong></span> <span class='ocrx_word' id='word_1_45' title='bbox 825 1921 989 2003; x_wconf 85' lang='lat' dir='ltr'><strong>adimant,</strong></span> <span class='ocrx_word' id='word_1_46' title='bbox 1014 1921 1196 2011; x_wconf 88' lang='lat' dir='ltr'><strong>cujusmodi</strong></span> 
     </span>
     <span class='ocr_line' id='line_1_8' title="bbox 242 2049 1196 2150; baseline 0.001 -25"><span class='ocrx_word' id='word_1_47' title='bbox 242 2057 324 2150; x_wconf 76' lang='lat' dir='ltr'><strong>leges</strong></span> <span class='ocrx_word' id='word_1_48' title='bbox 357 2057 500 2141; x_wconf 79' lang='lat' dir='ltr'><strong>atheus,&#39;</strong></span> <span class='ocrx_word' id='word_1_49' title='bbox 523 2059 650 2150; x_wconf 85' lang='lat' dir='ltr'><strong>qualem</strong></span> <span class='ocrx_word' id='word_1_50' title='bbox 675 2061 743 2150; x_wconf 91' lang='lat' dir='ltr'><strong>ipse</strong></span> <span class='ocrx_word' id='word_1_51' title='bbox 769 2049 935 2150; x_wconf 79' lang='lat' dir='ltr'><strong>Diagoram</strong></span> <span class='ocrx_word' id='word_1_52' title='bbox 956 2057 1050 2124; x_wconf 86' lang='lat' dir='ltr'><strong>fuisse</strong></span> <span class='ocrx_word' id='word_1_53' title='bbox 1069 2057 1196 2140; x_wconf 83' lang='lat' dir='ltr'><strong>credit,</strong></span> 
     </span>
    </p>
   </div>
   <div class='ocr_carea' id='block_1_3' title="bbox 243 2193 512 2288">
    <p class='ocr_par' dir='ltr' id='par_1_3' title="bbox 243 2193 512 2288">
     <span class='ocr_line' id='line_1_9' title="bbox 243 2193 512 2288; baseline 0.004 -26"><span class='ocrx_word' id='word_1_54' title='bbox 243 2193 326 2264; x_wconf 79' lang='lat' dir='ltr'><strong>ferre</strong></span> <span class='ocrx_word' id='word_1_55' title='bbox 347 2197 512 2288; x_wconf 88' lang='lat' dir='ltr'><strong>potuisset.</strong></span> 
     </span>
    </p>
   </div>
   <div class='ocr_carea' id='block_1_4' title="bbox 240 2427 1191 2976">
    <p class='ocr_par' dir='ltr' id='par_1_4' title="bbox 240 2427 1191 2976">
     <span class='ocr_line' id='line_1_10' title="bbox 287 2427 1191 2558; baseline 0.002 -22"><span class='ocrx_word' id='word_1_56' title='bbox 287 2467 360 2536; x_wconf 88' lang='lat' dir='ltr'><strong>Non</strong></span> <span class='ocrx_word' id='word_1_57' title='bbox 384 2467 468 2538; x_wconf 82' lang='lat' dir='ltr'><strong>facio</strong></span> <span class='ocrx_word' id='word_1_58' title='bbox 501 2489 575 2535; x_wconf 86' lang='lat' dir='ltr'><strong>cum</strong></span> <span class='ocrx_word' id='word_1_59' title='bbox 606 2454 768 2534; x_wconf 78' lang='lat' dir='ltr'><strong>Brnckero</strong></span> <span class='ocrx_word' id='word_1_60' title='bbox 801 2478 835 2533; x_wconf 87' lang='lat' dir='ltr'><strong>et</strong></span> <span class='ocrx_word' id='word_1_61' title='bbox 862 2465 1030 2548; x_wconf 84' lang='lat' dir='ltr'><strong>Harlesio,</strong></span> <span class='ocrx_word' id='word_1_62' title='bbox 1054 2427 1191 2558; x_wconf 83' lang='lat' dir='ltr'><strong>quorum</strong></span> 
     </span>
     <span class='ocr_line' id='line_1_11' title="bbox 243 2601 1191 2696; baseline 0.006 -28"><span class='ocrx_word' id='word_1_63' title='bbox 243 2603 345 2673; x_wconf 78' lang='lat' dir='ltr'><strong>verbis</strong></span> <span class='ocrx_word' id='word_1_64' title='bbox 379 2603 436 2674; x_wconf 89' lang='lat' dir='ltr'><strong>lin.</strong></span> <span class='ocrx_word' id='word_1_65' title='bbox 476 2607 517 2672; x_wconf 79' lang='lat'><strong>16</strong></span> <span class='ocrx_word' id='word_1_66' title='bbox 549 2615 583 2671; x_wconf 91' lang='lat' dir='ltr'><strong>ct</strong></span> <span class='ocrx_word' id='word_1_67' title='bbox 607 2625 681 2695; x_wconf 78' lang='lat' dir='ltr'><strong>pag.</strong></span> <span class='ocrx_word' id='word_1_68' title='bbox 717 2606 761 2671; x_wconf 82' lang='lat'><strong>29</strong></span> <span class='ocrx_word' id='word_1_69' title='bbox 792 2601 850 2671; x_wconf 88' lang='lat' dir='ltr'><strong>liu.</strong></span> <span class='ocrx_word' id='word_1_70' title='bbox 875 2607 896 2670; x_wconf 87' lang='grc'>3</span> <span class='ocrx_word' id='word_1_71' title='bbox 917 2602 1100 2696; x_wconf 86' lang='lat' dir='ltr'><strong>imprudens</strong></span> <span class='ocrx_word' id='word_1_72' title='bbox 1118 2628 1191 2676; x_wconf 87' lang='lat' dir='ltr'><strong>usus</strong></span> 
     </span>
     <span class='ocr_line' id='line_1_12' title="bbox 241 2737 1191 2832; baseline 0 -23"><span class='ocrx_word' id='word_1_73' title='bbox 241 2764 333 2812; x_wconf 86' lang='lat' dir='ltr'><strong>sum:</strong></span> <span class='ocrx_word' id='word_1_74' title='bbox 371 2740 519 2830; x_wconf 74' lang='lat' dir='ltr'><strong>Baylium</strong></span> <span class='ocrx_word' id='word_1_75' title='bbox 553 2740 674 2806; x_wconf 87' lang='lat' dir='ltr'><strong>scilicet</strong></span> <span class='ocrx_word' id='word_1_76' title='bbox 696 2738 910 2807; x_wconf 87' lang='lat' dir='ltr'><strong>acutissimum</strong></span> <span class='ocrx_word' id='word_1_77' title='bbox 927 2737 1072 2806; x_wconf 85' lang='lat' dir='ltr'><strong>atheismi</strong></span> <span class='ocrx_word' id='word_1_78' title='bbox 1095 2755 1191 2832; x_wconf 86' lang='lat' dir='ltr'><strong>atque</strong></span> 
     </span>
     <span class='ocr_line' id='line_1_13' title="bbox 240 2873 1190 2976; baseline 0.002 -32"><span class='ocrx_word' id='word_1_79' title='bbox 240 2873 477 2946; x_wconf 80' lang='lat' dir='ltr'><strong>disertissimum</strong></span> <span class='ocrx_word' id='word_1_80' title='bbox 496 2877 690 2950; x_wconf 83' lang='lat' dir='ltr'><strong>defensorem</strong></span> <span class='ocrx_word' id='word_1_81' title='bbox 709 2895 773 2976; x_wconf 68' lang='lat' dir='ltr'><strong>esse</strong></span> <span class='ocrx_word' id='word_1_82' title='bbox 783 2923 792 2955; x_wconf 92' lang='lat'><strong>‚</strong></span> <span class='ocrx_word' id='word_1_83' title='bbox 808 2887 849 2941; x_wconf 80' lang='lat' dir='ltr'><strong>et</strong></span> <span class='ocrx_word' id='word_1_84' title='bbox 867 2897 927 2966; x_wconf 88' lang='lat' dir='ltr'><strong>pro</strong></span> <span class='ocrx_word' id='word_1_85' title='bbox 947 2874 1101 2944; x_wconf 87' lang='lat' dir='ltr'><strong>atheismo</strong></span> <span class='ocrx_word' id='word_1_86' title='bbox 1112 2881 1190 2968; x_wconf 91' lang='lat' dir='ltr'><strong>a&#39;po·</strong></span> 
     </span>
    </p>
   </div>
   <div class='ocr_carea' id='block_1_5' title="bbox 240 2995 1190 3103">
    <p class='ocr_par' dir='ltr' id='par_1_5' title="bbox 240 2995 1190 3103">
     <span class='ocr_line' id='line_1_14' title="bbox 240 2995 1190 3103; baseline 0.002 -25"><span class='ocrx_word' id='word_1_87' title='bbox 240 3011 355 3103; x_wconf 76' lang='lat' dir='ltr'><strong>logiam</strong></span> <span class='ocrx_word' id='word_1_88' title='bbox 379 3013 546 3102; x_wconf 82' lang='lat' dir='ltr'><strong>scripsisse.</strong></span> <span class='ocrx_word' id='word_1_89' title='bbox 594 2995 707 3101; x_wconf 58' lang='lat' dir='ltr'><strong>Nonne</strong></span> <span class='ocrx_word' id='word_1_90' title='bbox 731 3011 819 3077; x_wconf 85' lang='lat' dir='ltr'><strong>enim</strong></span> <span class='ocrx_word' id='word_1_91' title='bbox 833 3011 908 3098; x_wconf 77' lang='lat' dir='ltr'><strong>jam·</strong></span> <span class='ocrx_word' id='word_1_92' title='bbox 926 3023 1004 3080; x_wconf 84' lang='lat' dir='ltr'><strong>tunc</strong></span> <span class='ocrx_word' id='word_1_93' title='bbox 1017 3011 1098 3078; x_wconf 84' lang='lat' dir='ltr'><strong>satis</strong></span> <span class='ocrx_word' id='word_1_94' title='bbox 1111 3012 1190 3086; x_wconf 63' lang='lat' dir='ltr'><strong>nhc,</strong></span> 
     </span>
    </p>
   </div>
   <div class='ocr_carea' id='block_1_6' title="bbox 240 3145 1311 3240">
    <p class='ocr_par' dir='ltr' id='par_1_6' title="bbox 240 3145 1311 3240">
     <span class='ocr_line' id='line_1_15' title="bbox 240 3145 1311 3240; baseline 0.008 -28"><span class='ocrx_word' id='word_1_95' title='bbox 240 3169 312 3214; x_wconf 81' lang='lat' dir='ltr'><strong>rem</strong></span> <span class='ocrx_word' id='word_1_96' title='bbox 330 3146 473 3236; x_wconf 74' lang='lat' dir='ltr'><strong>Bryliani</strong></span> <span class='ocrx_word' id='word_1_97' title='bbox 491 3145 583 3212; x_wconf 86' lang='lat' dir='ltr'><strong>lerici</strong></span> <span class='ocrx_word' id='word_1_98' title='bbox 605 3145 773 3213; x_wconf 86' lang='lat' dir='ltr'><strong>lectionem</strong></span> <span class='ocrx_word' id='word_1_99' title='bbox 781 3145 916 3213; x_wconf 82' lang='lat' dir='ltr'><strong>feceram</strong></span> <span class='ocrx_word' id='word_1_100' title='bbox 932 3170 941 3229; x_wconf 90' lang='lat'>;</span> <span class='ocrx_word' id='word_1_101' title='bbox 966 3167 1070 3238; x_wconf 84' lang='lat' dir='ltr'><strong>neque</strong></span> <span class='ocrx_word' id='word_1_102' title='bbox 1081 3153 1189 3240; x_wconf 78' lang='lat' dir='ltr'><strong>postaa&#39;</strong></span> <span class='ocrx_word' id='word_1_103' title='bbox 1306 3209 1311 3220; x_wconf 74' lang='grc'>,</span> 
     </span>
    </p>
   </div>
   <div class='ocr_carea' id='block_1_7' title="bbox 224 3265 1188 4058">
    <p class='ocr_par' dir='ltr' id='par_1_7' title="bbox 224 3265 1188 4058">
     <span class='ocr_line' id='line_1_16' title="bbox 241 3265 1188 3373; baseline 0.003 -21"><span class='ocrx_word' id='word_1_104' title='bbox 241 3283 305 3352; x_wconf 86' lang='lat' dir='ltr'><strong>sire</strong></span> <span class='ocrx_word' id='word_1_105' title='bbox 333 3281 366 3352; x_wconf 89' lang='lat' dir='ltr'><strong>iu</strong></span> <span class='ocrx_word' id='word_1_106' title='bbox 394 3281 464 3350; x_wconf 87' lang='lat' dir='ltr'><strong>aliis</strong></span> <span class='ocrx_word' id='word_1_107' title='bbox 486 3282 550 3348; x_wconf 82' lang='lat' dir='ltr'><strong>sire</strong></span> <span class='ocrx_word' id='word_1_108' title='bbox 572 3283 605 3348; x_wconf 91' lang='lat' dir='ltr'><strong>in</strong></span> <span class='ocrx_word' id='word_1_109' title='bbox 626 3265 701 3373; x_wconf 83' lang='lat' dir='ltr'><strong>ipsis</strong></span> <span class='ocrx_word' id='word_1_110' title='bbox 723 3282 763 3350; x_wconf 87' lang='lat' dir='ltr'><strong>ad</strong></span> <span class='ocrx_word' id='word_1_111' title='bbox 786 3301 896 3350; x_wconf 87' lang='lat' dir='ltr'><strong>rocem</strong></span> <span class='ocrx_word' id='word_1_112' title='bbox 917 3284 1069 3373; x_wconf 76' lang='lat' dir='ltr'><strong>Diagorae</strong></span> <span class='ocrx_word' id='word_1_113' title='bbox 1089 3309 1188 3356; x_wconf 90' lang='lat' dir='ltr'><strong>anno·</strong></span> 
     </span>
     <span class='ocr_line' id='line_1_17' title="bbox 224 3395 1187 3510; baseline 0.004 -22"><span class='ocrx_word' id='word_1_114' title='bbox 224 3395 435 3502; x_wconf 78' lang='lat' dir='ltr'><strong>¹tationibus,</strong></span> <span class='ocrx_word' id='word_1_115' title='bbox 466 3420 606 3486; x_wconf 82' lang='lat' dir='ltr'><strong>invenire</strong></span> <span class='ocrx_word' id='word_1_116' title='bbox 627 3416 739 3496; x_wconf 88' lang='lat' dir='ltr'><strong>licuit,</strong></span> <span class='ocrx_word' id='word_1_117' title='bbox 764 3416 820 3484; x_wconf 86' lang='lat' dir='ltr'><strong>ubi</strong></span> <span class='ocrx_word' id='word_1_118' title='bbox 844 3420 970 3488; x_wconf 87' lang='lat' dir='ltr'><strong>tandem</strong></span> <span class='ocrx_word' id='word_1_119' title='bbox 989 3419 1084 3510; x_wconf 88' lang='lat' dir='ltr'><strong>hujus</strong></span> <span class='ocrx_word' id='word_1_120' title='bbox 1102 3436 1187 3492; x_wconf 86' lang='lat' dir='ltr'><strong>atro·</strong></span> 
     </span>
     <span class='ocr_line' id='line_1_18' title="bbox 238 3555 1187 3646; baseline 0.004 -21"><span class='ocrx_word' id='word_1_121' title='bbox 238 3557 283 3626; x_wconf 90' lang='lat' dir='ltr'><strong>cis</strong></span> <span class='ocrx_word' id='word_1_122' title='bbox 303 3555 415 3646; x_wconf 82' lang='lat' dir='ltr'><strong>culpae</strong></span> <span class='ocrx_word' id='word_1_123' title='bbox 437 3568 616 3646; x_wconf 80' lang='lat' dir='ltr'><strong>argumenta</strong></span> <span class='ocrx_word' id='word_1_124' title='bbox 640 3555 785 3623; x_wconf 87' lang='lat' dir='ltr'><strong>laterent.</strong></span> <span class='ocrx_word' id='word_1_125' title='bbox 832 3557 901 3624; x_wconf 84' lang='lat' dir='ltr'><strong>Hac</strong></span> <span class='ocrx_word' id='word_1_126' title='bbox 922 3555 1031 3624; x_wconf 87' lang='lat' dir='ltr'><strong>saltem</strong></span> <span class='ocrx_word' id='word_1_127' title='bbox 1054 3559 1088 3624; x_wconf 94' lang='lat' dir='ltr'><strong>in</strong></span> <span class='ocrx_word' id='word_1_128' title='bbox 1110 3560 1187 3630; x_wconf 86' lang='lat' dir='ltr'><strong>Dia·</strong></span> 
     </span>
     <span class='ocr_line' id='line_1_19' title="bbox 239 3690 1185 3784; baseline 0.005 -24"><span class='ocrx_word' id='word_1_129' title='bbox 239 3717 330 3784; x_wconf 76' lang='lat' dir='ltr'><strong>gorne</strong></span> <span class='ocrx_word' id='word_1_130' title='bbox 358 3716 435 3761; x_wconf 85' lang='lat' dir='ltr'><strong>voce</strong></span> <span class='ocrx_word' id='word_1_131' title='bbox 460 3690 607 3759; x_wconf 86' lang='lat' dir='ltr'><strong>atheismi</strong></span> <span class='ocrx_word' id='word_1_132' title='bbox 628 3692 840 3781; x_wconf 79' lang='lat' dir='ltr'><strong>patrocinium</strong></span> <span class='ocrx_word' id='word_1_133' title='bbox 856 3693 1022 3762; x_wconf 88' lang='lat' dir='ltr'><strong>manifesto</strong></span> <span class='ocrx_word' id='word_1_134' title='bbox 1043 3713 1106 3762; x_wconf 91' lang='lat' dir='ltr'><strong>non</strong></span> <span class='ocrx_word' id='word_1_135' title='bbox 1130 3721 1185 3766; x_wconf 90' lang='lat' dir='ltr'><strong>oc·</strong></span> 
     </span>
     <span class='ocr_line' id='line_1_20' title="bbox 240 3829 1184 3919; baseline 0.012 -24"><span class='ocrx_word' id='word_1_136' title='bbox 240 3831 362 3908; x_wconf 88' lang='lat' dir='ltr'><strong>currit,</strong></span> <span class='ocrx_word' id='word_1_137' title='bbox 390 3829 611 3919; x_wconf 85' lang='lat' dir='ltr'><strong>immeritoque</strong></span> <span class='ocrx_word' id='word_1_138' title='bbox 626 3829 737 3918; x_wconf 73' lang='lat' dir='ltr'><strong>Btylio</strong></span> <span class='ocrx_word' id='word_1_139' title='bbox 760 3830 921 3919; x_wconf 88' lang='lat' dir='ltr'><strong>objicitur.</strong></span> <span class='ocrx_word' id='word_1_140' title='bbox 968 3830 1039 3899; x_wconf 85' lang='lat' dir='ltr'><strong>Hoc</strong></span> <span class='ocrx_word' id='word_1_141' title='bbox 1061 3846 1184 3906; x_wconf 85' lang='lat' dir='ltr'><strong>tantum</strong></span> 
     </span>
     <span class='ocr_line' id='line_1_21' title="bbox 238 3963 1184 4058; baseline 0.007 -26"><span class='ocrx_word' id='word_1_142' title='bbox 238 3963 421 4045; x_wconf 82' lang='lat' dir='ltr'><strong>contendit,</strong></span> <span class='ocrx_word' id='word_1_143' title='bbox 473 3964 638 4032; x_wconf 74' lang='lat' dir='ltr'><strong>Aelianum</strong></span> <span class='ocrx_word' id='word_1_144' title='bbox 680 3966 786 4056; x_wconf 86' lang='lat' dir='ltr'><strong>inepte</strong></span> <span class='ocrx_word' id='word_1_145' title='bbox 816 3967 923 4056; x_wconf 71' lang='lat' dir='ltr'><strong>&#39;egisse</strong></span> <span class='ocrx_word' id='word_1_146' title='bbox 935 3991 945 4049; x_wconf 89' lang='lat'>;</span> <span class='ocrx_word' id='word_1_147' title='bbox 980 3970 1184 4058; x_wconf 86' lang='lat' dir='ltr'><strong>pereritiosas</strong></span> 
     </span>
    </p>
   </div>
   <div class='ocr_carea' id='block_1_8' title="bbox 178 4077 1182 4209">
    <p class='ocr_par' dir='ltr' id='par_1_8' title="bbox 178 4077 1182 4209">
     <span class='ocr_line' id='line_1_22' title="bbox 178 4077 1182 4209; baseline 0.005 -41"><span class='ocrx_word' id='word_1_148' title='bbox 178 4083 182 4092; x_wconf 42' lang='lat'><strong>¹</strong></span> <span class='ocrx_word' id='word_1_149' title='bbox 236 4098 366 4192; x_wconf 87' lang='lat' dir='ltr'><strong>quidem</strong></span> <span class='ocrx_word' id='word_1_150' title='bbox 391 4122 456 4167; x_wconf 86' lang='lat' dir='ltr'><strong>csse</strong></span> <span class='ocrx_word' id='word_1_151' title='bbox 488 4101 633 4170; x_wconf 84' lang='lat' dir='ltr'><strong>concedit</strong></span> <span class='ocrx_word' id='word_1_152' title='bbox 661 4101 784 4209; x_wconf 76' lang='lat' dir='ltr'><strong>civitati</strong></span> <span class='ocrx_word' id='word_1_153' title='bbox 801 4101 916 4192; x_wconf 87' lang='lat' dir='ltr'><strong>impias</strong></span> <span class='ocrx_word' id='word_1_154' title='bbox 932 4077 1182 4208; x_wconf 52' lang='lat' dir='ltr'><strong>irreiipiosasffine</strong></span> 
     </span>
    </p>
   </div>
   <div class='ocr_carea' id='block_1_9' title="bbox 0 0 1544 5504">
    <p class='ocr_par' dir='ltr' id='par_1_9' title="bbox 0 0 1544 5504">
     <span class='ocr_line' id='line_1_23' title="bbox 0 0 1544 5504; baseline 0 3"><span class='ocrx_word' id='word_1_155' title='bbox 0 0 1544 5504; x_wconf 95' lang='lat' dir='ltr'><strong> </strong></span> 
     </span>
    </p>
   </div>
  </div>
 </body>
</html>
